%YAML 1.1
%TAG !u! tag:unity3d.com,2011:
--- !u!1 &4744705162780118249
GameObject:
  m_ObjectHideFlags: 0
  m_CorrespondingSourceObject: {fileID: 0}
  m_PrefabInstance: {fileID: 0}
  m_PrefabAsset: {fileID: 0}
  serializedVersion: 6
  m_Component:
  - component: {fileID: 6632043643391857445}
  - component: {fileID: 2077102781754745240}
  - component: {fileID: 7795615732005236810}
  m_Layer: 0
  m_Name: Arrow
  m_TagString: Untagged
  m_Icon: {fileID: 0}
  m_NavMeshLayer: 0
  m_StaticEditorFlags: 0
  m_IsActive: 1
--- !u!4 &6632043643391857445
Transform:
  m_ObjectHideFlags: 0
  m_CorrespondingSourceObject: {fileID: 0}
  m_PrefabInstance: {fileID: 0}
  m_PrefabAsset: {fileID: 0}
  m_GameObject: {fileID: 4744705162780118249}
  m_LocalRotation: {x: 0, y: 0, z: 0, w: 1}
  m_LocalPosition: {x: 0.1, y: 1, z: 0}
  m_LocalScale: {x: 1, y: 1, z: 1}
  m_Children: []
  m_Father: {fileID: 5884271644297721002}
  m_RootOrder: 0
  m_LocalEulerAnglesHint: {x: 0, y: 0, z: 0}
--- !u!212 &2077102781754745240
SpriteRenderer:
  m_ObjectHideFlags: 0
  m_CorrespondingSourceObject: {fileID: 0}
  m_PrefabInstance: {fileID: 0}
  m_PrefabAsset: {fileID: 0}
  m_GameObject: {fileID: 4744705162780118249}
  m_Enabled: 1
  m_CastShadows: 0
  m_ReceiveShadows: 0
  m_DynamicOccludee: 1
  m_MotionVectors: 1
  m_LightProbeUsage: 1
  m_ReflectionProbeUsage: 1
  m_RayTracingMode: 0
  m_RenderingLayerMask: 1
  m_RendererPriority: 0
  m_Materials:
  - {fileID: 10754, guid: 0000000000000000f000000000000000, type: 0}
  m_StaticBatchInfo:
    firstSubMesh: 0
    subMeshCount: 0
  m_StaticBatchRoot: {fileID: 0}
  m_ProbeAnchor: {fileID: 0}
  m_LightProbeVolumeOverride: {fileID: 0}
  m_ScaleInLightmap: 1
  m_ReceiveGI: 1
  m_PreserveUVs: 0
  m_IgnoreNormalsForChartDetection: 0
  m_ImportantGI: 0
  m_StitchLightmapSeams: 1
  m_SelectedEditorRenderState: 0
  m_MinimumChartSize: 4
  m_AutoUVMaxDistance: 0.5
  m_AutoUVMaxAngle: 89
  m_LightmapParameters: {fileID: 0}
  m_SortingLayerID: -991332387
  m_SortingLayer: -13
  m_SortingOrder: -90
  m_Sprite: {fileID: 21300000, guid: 4de52401e6d5a8a46abb2f901939d40b, type: 3}
  m_Color: {r: 1, g: 1, b: 1, a: 1}
  m_FlipX: 0
  m_FlipY: 0
  m_DrawMode: 0
  m_Size: {x: 2.8, y: 2.85}
  m_AdaptiveModeThreshold: 0.5
  m_SpriteTileMode: 0
  m_WasSpriteAssigned: 1
  m_MaskInteraction: 0
  m_SpriteSortPoint: 0
--- !u!114 &7795615732005236810
MonoBehaviour:
  m_ObjectHideFlags: 0
  m_CorrespondingSourceObject: {fileID: 0}
  m_PrefabInstance: {fileID: 0}
  m_PrefabAsset: {fileID: 0}
  m_GameObject: {fileID: 4744705162780118249}
  m_Enabled: 1
  m_EditorHideFlags: 0
  m_Script: {fileID: 11500000, guid: a2cedcea314d944e09159c2372cec04f, type: 3}
  m_Name: 
  m_EditorClassIdentifier: 
--- !u!1 &8286940887383678125
GameObject:
  m_ObjectHideFlags: 0
  m_CorrespondingSourceObject: {fileID: 0}
  m_PrefabInstance: {fileID: 0}
  m_PrefabAsset: {fileID: 0}
  serializedVersion: 6
  m_Component:
  - component: {fileID: 5884271644297721002}
  - component: {fileID: 1889682217242576744}
  - component: {fileID: 1275068354607097918}
  - component: {fileID: 874555789714081568}
  m_Layer: 0
  m_Name: Box
  m_TagString: Untagged
  m_Icon: {fileID: 0}
  m_NavMeshLayer: 0
  m_StaticEditorFlags: 0
  m_IsActive: 1
--- !u!4 &5884271644297721002
Transform:
  m_ObjectHideFlags: 0
  m_CorrespondingSourceObject: {fileID: 0}
  m_PrefabInstance: {fileID: 0}
  m_PrefabAsset: {fileID: 0}
  m_GameObject: {fileID: 8286940887383678125}
  m_LocalRotation: {x: 0, y: 0, z: 0, w: 1}
  m_LocalPosition: {x: 0, y: 0, z: 0}
  m_LocalScale: {x: 1, y: 1, z: 1}
  m_Children:
  - {fileID: 6632043643391857445}
  m_Father: {fileID: 0}
  m_RootOrder: 0
  m_LocalEulerAnglesHint: {x: 0, y: 0, z: 0}
--- !u!212 &1889682217242576744
SpriteRenderer:
  m_ObjectHideFlags: 0
  m_CorrespondingSourceObject: {fileID: 0}
  m_PrefabInstance: {fileID: 0}
  m_PrefabAsset: {fileID: 0}
  m_GameObject: {fileID: 8286940887383678125}
  m_Enabled: 1
  m_CastShadows: 0
  m_ReceiveShadows: 0
  m_DynamicOccludee: 1
  m_MotionVectors: 1
  m_LightProbeUsage: 1
  m_ReflectionProbeUsage: 1
  m_RayTracingMode: 0
  m_RenderingLayerMask: 1
  m_RendererPriority: 0
  m_Materials:
  - {fileID: 10754, guid: 0000000000000000f000000000000000, type: 0}
  m_StaticBatchInfo:
    firstSubMesh: 0
    subMeshCount: 0
  m_StaticBatchRoot: {fileID: 0}
  m_ProbeAnchor: {fileID: 0}
  m_LightProbeVolumeOverride: {fileID: 0}
  m_ScaleInLightmap: 1
  m_ReceiveGI: 1
  m_PreserveUVs: 0
  m_IgnoreNormalsForChartDetection: 0
  m_ImportantGI: 0
  m_StitchLightmapSeams: 1
  m_SelectedEditorRenderState: 0
  m_MinimumChartSize: 4
  m_AutoUVMaxDistance: 0.5
  m_AutoUVMaxAngle: 89
  m_LightmapParameters: {fileID: 0}
  m_SortingLayerID: -991332387
  m_SortingLayer: -13
  m_SortingOrder: -100
  m_Sprite: {fileID: 21300000, guid: 084b15e34831045a48fc247b99f6f77a, type: 3}
  m_Color: {r: 1, g: 1, b: 1, a: 1}
  m_FlipX: 0
  m_FlipY: 0
  m_DrawMode: 0
  m_Size: {x: 4.0857143, y: 2.942857}
  m_AdaptiveModeThreshold: 0.5
  m_SpriteTileMode: 0
  m_WasSpriteAssigned: 1
  m_MaskInteraction: 0
  m_SpriteSortPoint: 0
--- !u!114 &1275068354607097918
MonoBehaviour:
  m_ObjectHideFlags: 0
  m_CorrespondingSourceObject: {fileID: 0}
  m_PrefabInstance: {fileID: 0}
  m_PrefabAsset: {fileID: 0}
  m_GameObject: {fileID: 8286940887383678125}
  m_Enabled: 1
  m_EditorHideFlags: 0
  m_Script: {fileID: 11500000, guid: 24ff1e7a1b3aa4d208e29a91c4b3e3a8, type: 3}
  m_Name: 
  m_EditorClassIdentifier: 
  temperature: 0
  animationEnter:
    sprites:
    - {fileID: 21300000, guid: 471245c11bf884140b71c85e71c76668, type: 3}
    - {fileID: 21300000, guid: 47e3e44545cb74494a2c3c4ca5328885, type: 3}
    - {fileID: 21300000, guid: f1e2bf627966149c5995482af44b6b1b, type: 3}
    - {fileID: 21300000, guid: 737845120f9274725b3caf96f2953877, type: 3}
    - {fileID: 21300000, guid: 5fef49da912d042b2b3b8b34d13c55a5, type: 3}
    - {fileID: 21300000, guid: 14e3331f8d56146db882c4e7371a6274, type: 3}
    - {fileID: 21300000, guid: 423d79d499e42497a9897d1109918292, type: 3}
    - {fileID: 21300000, guid: f2835e589afce4b70bf9ece9b8ba3c25, type: 3}
    - {fileID: 21300000, guid: 30a589f8823974c8dab3955dc10a0ca1, type: 3}
    - {fileID: 21300000, guid: a5e7c51a329824d7aa1b5481871c4001, type: 3}
    - {fileID: 21300000, guid: 0f581e461e1174e1890b0d3111733ed6, type: 3}
    - {fileID: 21300000, guid: ff9635a04f99043a2b4b98aed8ecba42, type: 3}
    fps: 20
  animationBlink:
    sprites:
    - {fileID: 21300000, guid: f2835e589afce4b70bf9ece9b8ba3c25, type: 3}
    - {fileID: 21300000, guid: 30a589f8823974c8dab3955dc10a0ca1, type: 3}
    - {fileID: 21300000, guid: a5e7c51a329824d7aa1b5481871c4001, type: 3}
    - {fileID: 21300000, guid: 0f581e461e1174e1890b0d3111733ed6, type: 3}
    - {fileID: 21300000, guid: ff9635a04f99043a2b4b98aed8ecba42, type: 3}
    fps: 20
  animationExit:
    sprites:
    - {fileID: 21300000, guid: 54578d6ea4e924d2ab9e68397b352644, type: 3}
    - {fileID: 21300000, guid: c5921644323fb4693b1d210718b14c03, type: 3}
    - {fileID: 21300000, guid: c056effbd64d148469ed5733ebc3339a, type: 3}
    - {fileID: 21300000, guid: 084b15e34831045a48fc247b99f6f77a, type: 3}
    fps: 20
  animationGoingUp:
    sprites:
    - {fileID: 21300000, guid: 5f52b3bcff0d24e1f931aa7345961539, type: 3}
    fps: 20
  animationGoingDown:
    sprites:
    - {fileID: 21300000, guid: fe8f52bbb8f5f4f2a8bedef9976efe48, type: 3}
    fps: 20
  animationHitTheGround:
    sprites:
    - {fileID: 21300000, guid: 655eb5e6a7fa3413fa988bf5ea89e910, type: 3}
    - {fileID: 21300000, guid: 17ac23d45c3394623b7269376d4cd624, type: 3}
    - {fileID: 21300000, guid: 53a393a7da1354ba48803da1bda96336, type: 3}
    - {fileID: 21300000, guid: 53a393a7da1354ba48803da1bda96336, type: 3}
    - {fileID: 21300000, guid: 53a393a7da1354ba48803da1bda96336, type: 3}
    - {fileID: 21300000, guid: 8cd1df5b9d7a8403fa7697c1c17219c7, type: 3}
    - {fileID: 21300000, guid: 8c277d1875e2f4afabef0a065f6b57e5, type: 3}
    - {fileID: 21300000, guid: e1b78de0494a548a3a453b481bde5167, type: 3}
    fps: 20
  animationIdle:
    sprites:
    - {fileID: 21300000, guid: e1b78de0494a548a3a453b481bde5167, type: 3}
    fps: 20
  animationEmptyIdle:
    sprites:
    - {fileID: 21300000, guid: 084b15e34831045a48fc247b99f6f77a, type: 3}
    fps: 20
  animationArrowBobbing:
    sprites:
    - {fileID: 21300000, guid: 4de52401e6d5a8a46abb2f901939d40b, type: 3}
    - {fileID: 21300000, guid: ec2033723fbbd8e4682577b1c0e17a3c, type: 3}
    - {fileID: 21300000, guid: 3b713b4834b308642a3bce8a804bbf7a, type: 3}
    - {fileID: 21300000, guid: cc5e3602e3fda954d84569a7497f6ceb, type: 3}
    - {fileID: 21300000, guid: 2070aeba45f3e434bbb48ee857d2453e, type: 3}
    - {fileID: 21300000, guid: 08abc4b85fd5cdf48a2d9715ed5f99c3, type: 3}
    - {fileID: 21300000, guid: cf2c5082b566c5542ac4b826a9bce876, type: 3}
    - {fileID: 21300000, guid: 6ba1af458d6f1c641ada42eee05aa5a1, type: 3}
    - {fileID: 21300000, guid: 26d4333b2986814488a1abcc378d8609, type: 3}
    - {fileID: 21300000, guid: b469960965ef25f439875e8e1e27ff61, type: 3}
    - {fileID: 21300000, guid: 3fb5876833a6c2149a590b5387a1a027, type: 3}
    - {fileID: 21300000, guid: ccfa392f0c66f584185d04aa43031f74, type: 3}
    - {fileID: 21300000, guid: d9308964630f0394cbd16b08272b337a, type: 3}
    fps: 10
  arrowAnimated: {fileID: 7795615732005236810}
  velocity: {x: 0, y: 0}
--- !u!114 &874555789714081568
MonoBehaviour:
  m_ObjectHideFlags: 0
  m_CorrespondingSourceObject: {fileID: 0}
  m_PrefabInstance: {fileID: 0}
  m_PrefabAsset: {fileID: 0}
  m_GameObject: {fileID: 8286940887383678125}
  m_Enabled: 1
  m_EditorHideFlags: 0
  m_Script: {fileID: 11500000, guid: a2cedcea314d944e09159c2372cec04f, type: 3}
  m_Name: 
  m_EditorClassIdentifier: 
