%YAML 1.1
%TAG !u! tag:unity3d.com,2011:
--- !u!1 &2095818087
GameObject:
  m_ObjectHideFlags: 0
  m_CorrespondingSourceObject: {fileID: 0}
  m_PrefabInstance: {fileID: 0}
  m_PrefabAsset: {fileID: 0}
  serializedVersion: 6
  m_Component:
  - component: {fileID: 2095818088}
  - component: {fileID: 2095818089}
  - component: {fileID: 2095818090}
  m_Layer: 0
  m_Name: Glow
  m_TagString: Untagged
  m_Icon: {fileID: 0}
  m_NavMeshLayer: 0
  m_StaticEditorFlags: 0
  m_IsActive: 1
--- !u!4 &2095818088
Transform:
  m_ObjectHideFlags: 0
  m_CorrespondingSourceObject: {fileID: 0}
  m_PrefabInstance: {fileID: 0}
  m_PrefabAsset: {fileID: 0}
  m_GameObject: {fileID: 2095818087}
  m_LocalRotation: {x: 0, y: 0, z: 0, w: 1}
  m_LocalPosition: {x: 0, y: 0, z: 0}
  m_LocalScale: {x: 1, y: 1, z: 1}
  m_Children: []
  m_Father: {fileID: 2221246337013673378}
  m_RootOrder: 0
  m_LocalEulerAnglesHint: {x: 0, y: 0, z: 0}
--- !u!212 &2095818089
SpriteRenderer:
  m_ObjectHideFlags: 0
  m_CorrespondingSourceObject: {fileID: 0}
  m_PrefabInstance: {fileID: 0}
  m_PrefabAsset: {fileID: 0}
  m_GameObject: {fileID: 2095818087}
  m_Enabled: 1
  m_CastShadows: 0
  m_ReceiveShadows: 0
  m_DynamicOccludee: 1
  m_MotionVectors: 1
  m_LightProbeUsage: 1
  m_ReflectionProbeUsage: 1
  m_RayTracingMode: 0
  m_RayTraceProcedural: 0
  m_RenderingLayerMask: 1
  m_RendererPriority: 0
  m_Materials:
  - {fileID: 10754, guid: 0000000000000000f000000000000000, type: 0}
  m_StaticBatchInfo:
    firstSubMesh: 0
    subMeshCount: 0
  m_StaticBatchRoot: {fileID: 0}
  m_ProbeAnchor: {fileID: 0}
  m_LightProbeVolumeOverride: {fileID: 0}
  m_ScaleInLightmap: 1
  m_ReceiveGI: 1
  m_PreserveUVs: 0
  m_IgnoreNormalsForChartDetection: 0
  m_ImportantGI: 0
  m_StitchLightmapSeams: 1
  m_SelectedEditorRenderState: 0
  m_MinimumChartSize: 4
  m_AutoUVMaxDistance: 0.5
  m_AutoUVMaxAngle: 89
  m_LightmapParameters: {fileID: 0}
  m_SortingLayerID: -991332387
  m_SortingLayer: -14
  m_SortingOrder: 0
  m_Sprite: {fileID: 21300000, guid: 0492ac145deb4f74db2a61b4826e58a9, type: 3}
  m_Color: {r: 1, g: 1, b: 1, a: 1}
  m_FlipX: 0
  m_FlipY: 0
  m_DrawMode: 0
  m_Size: {x: 4, y: 4}
  m_AdaptiveModeThreshold: 0.5
  m_SpriteTileMode: 0
  m_WasSpriteAssigned: 1
  m_MaskInteraction: 0
  m_SpriteSortPoint: 0
--- !u!114 &2095818090
MonoBehaviour:
  m_ObjectHideFlags: 0
  m_CorrespondingSourceObject: {fileID: 0}
  m_PrefabInstance: {fileID: 0}
  m_PrefabAsset: {fileID: 0}
  m_GameObject: {fileID: 2095818087}
  m_Enabled: 1
  m_EditorHideFlags: 0
  m_Script: {fileID: 11500000, guid: a2cedcea314d944e09159c2372cec04f, type: 3}
  m_Name: 
  m_EditorClassIdentifier: 
--- !u!1 &835408331714973256
GameObject:
  m_ObjectHideFlags: 0
  m_CorrespondingSourceObject: {fileID: 0}
  m_PrefabInstance: {fileID: 0}
  m_PrefabAsset: {fileID: 0}
  serializedVersion: 6
  m_Component:
  - component: {fileID: 2221246337013673378}
  - component: {fileID: 7552014531761897963}
  - component: {fileID: 6127575444282525976}
  - component: {fileID: 2568103962241740724}
  m_Layer: 0
  m_Name: Fire Skull
  m_TagString: Untagged
  m_Icon: {fileID: 0}
  m_NavMeshLayer: 0
  m_StaticEditorFlags: 0
  m_IsActive: 1
--- !u!4 &2221246337013673378
Transform:
  m_ObjectHideFlags: 0
  m_CorrespondingSourceObject: {fileID: 0}
  m_PrefabInstance: {fileID: 0}
  m_PrefabAsset: {fileID: 0}
  m_GameObject: {fileID: 835408331714973256}
  m_LocalRotation: {x: 0, y: 0, z: 0, w: 1}
  m_LocalPosition: {x: 0, y: 0, z: 0}
  m_LocalScale: {x: 1, y: 1, z: 1}
  m_Children:
  - {fileID: 2095818088}
  - {fileID: 6863007522433307563}
  m_Father: {fileID: 0}
  m_RootOrder: 0
  m_LocalEulerAnglesHint: {x: 0, y: 0, z: 0}
--- !u!212 &7552014531761897963
SpriteRenderer:
  m_ObjectHideFlags: 0
  m_CorrespondingSourceObject: {fileID: 0}
  m_PrefabInstance: {fileID: 0}
  m_PrefabAsset: {fileID: 0}
  m_GameObject: {fileID: 835408331714973256}
  m_Enabled: 1
  m_CastShadows: 0
  m_ReceiveShadows: 0
  m_DynamicOccludee: 1
  m_MotionVectors: 1
  m_LightProbeUsage: 1
  m_ReflectionProbeUsage: 1
  m_RayTracingMode: 0
  m_RayTraceProcedural: 0
  m_RenderingLayerMask: 1
  m_RendererPriority: 0
  m_Materials:
  - {fileID: 10754, guid: 0000000000000000f000000000000000, type: 0}
  m_StaticBatchInfo:
    firstSubMesh: 0
    subMeshCount: 0
  m_StaticBatchRoot: {fileID: 0}
  m_ProbeAnchor: {fileID: 0}
  m_LightProbeVolumeOverride: {fileID: 0}
  m_ScaleInLightmap: 1
  m_ReceiveGI: 1
  m_PreserveUVs: 0
  m_IgnoreNormalsForChartDetection: 0
  m_ImportantGI: 0
  m_StitchLightmapSeams: 1
  m_SelectedEditorRenderState: 0
  m_MinimumChartSize: 4
  m_AutoUVMaxDistance: 0.5
  m_AutoUVMaxAngle: 89
  m_LightmapParameters: {fileID: 0}
  m_SortingLayerID: -991332387
  m_SortingLayer: -14
  m_SortingOrder: 1
  m_Sprite: {fileID: 21300000, guid: b82054e5b68e6b94489aa52bd72f6f93, type: 3}
  m_Color: {r: 1, g: 1, b: 1, a: 1}
  m_FlipX: 0
  m_FlipY: 0
  m_DrawMode: 0
  m_Size: {x: 53, y: 53}
  m_AdaptiveModeThreshold: 0.5
  m_SpriteTileMode: 0
  m_WasSpriteAssigned: 1
  m_MaskInteraction: 0
  m_SpriteSortPoint: 0
--- !u!114 &6127575444282525976
MonoBehaviour:
  m_ObjectHideFlags: 0
  m_CorrespondingSourceObject: {fileID: 0}
  m_PrefabInstance: {fileID: 0}
  m_PrefabAsset: {fileID: 0}
  m_GameObject: {fileID: 835408331714973256}
  m_Enabled: 1
  m_EditorHideFlags: 0
  m_Script: {fileID: 11500000, guid: 996bd85c05fa64041bfe1525bd3fa8de, type: 3}
  m_Name: 
  m_EditorClassIdentifier: 
  deathAnimation:
    frozenSprite: {fileID: 21300000, guid: f4322a91b0f7a0b4bae8a93c869c47ff, type: 3}
    debris:
    - {fileID: 21300000, guid: 2cb85f85a494dc143ac7e5a5cd84a679, type: 3}
    - {fileID: 21300000, guid: ba03467141dbbc84c9c3e716d7d5853c, type: 3}
    sfxDeath: {fileID: 8300000, guid: 3b506ea1a46c74f4a82944701dcea92a, type: 3}
  animationIdle:
    sprites:
    - {fileID: 21300000, guid: b82054e5b68e6b94489aa52bd72f6f93, type: 3}
    - {fileID: 21300000, guid: a4c8aba6ae09a064598cde79baf0ddd9, type: 3}
    - {fileID: 21300000, guid: b0081ed83ac93544da5352b01780e95c, type: 3}
    - {fileID: 21300000, guid: c71962f8e44ff06438d32d8fc0bdd6d5, type: 3}
    - {fileID: 21300000, guid: 6e12cd94090919344bf3b96b50ba637d, type: 3}
    - {fileID: 21300000, guid: 897c8b49a5c931d41be632c6357490b3, type: 3}
    - {fileID: 21300000, guid: 3d4976cb4b914bd4db7e9b2d8d515005, type: 3}
    - {fileID: 21300000, guid: fc5ac20a922357e4995196b21be2cf7b, type: 3}
    - {fileID: 21300000, guid: eb064d33aac271c418717b149b4ab3a0, type: 3}
    - {fileID: 21300000, guid: 76045554795f4e241a9996c706fd7b47, type: 3}
    - {fileID: 21300000, guid: 597acebc29494cf4891c4b7bbed4792d, type: 3}
    - {fileID: 21300000, guid: 91b135d3507ff5d4f8332fae9e33198f, type: 3}
    - {fileID: 21300000, guid: 0dffd63b5e96c484e93d2def39d5020a, type: 3}
    - {fileID: 21300000, guid: 5ddedee742eb8d546b8abd83e3c70aa7, type: 3}
    fps: 20
  animationHitWall:
    sprites:
    - {fileID: 21300000, guid: 162c30a0ac88bce4b99551b53f8b2de2, type: 3}
    - {fileID: 21300000, guid: 5ec457f7c2bee494abd3bcc21a01d7eb, type: 3}
    - {fileID: 21300000, guid: a7464355f71192b4182b2bce821cb1c0, type: 3}
    - {fileID: 21300000, guid: 04b97075425692348a877427adf15729, type: 3}
    - {fileID: 21300000, guid: 6e230b221af28764a985f4b6605a9771, type: 3}
    - {fileID: 21300000, guid: 1b3d7eb2e7ebd0d47ba066117909cd72, type: 3}
    - {fileID: 21300000, guid: 29b104f22f09531439d9b6de3b789cc7, type: 3}
    fps: 25
  animationTurn:
    sprites:
    - {fileID: 21300000, guid: 092712d35851d0f4ab21e40ff391bad9, type: 3}
    - {fileID: 21300000, guid: 512fa0311b8f3514296c20e21c907764, type: 3}
    - {fileID: 21300000, guid: c8c276f710b0e5c4aaf02cee0c9ee6be, type: 3}
    fps: 20
  animationFreeze:
    sprites:
    - {fileID: 21300000, guid: adcc492abfde6fd48b32fa8961085b38, type: 3}
    - {fileID: 21300000, guid: adcc492abfde6fd48b32fa8961085b38, type: 3}
    fps: 20
  animationInsideWater:
    sprites:
    - {fileID: 21300000, guid: f4322a91b0f7a0b4bae8a93c869c47ff, type: 3}
    fps: 20
  animationFizzleOut:
    sprites:
    - {fileID: 21300000, guid: 056d671949c4592419bdc806bf1378d0, type: 3}
    - {fileID: 21300000, guid: 2cd1b6badf884734dbf3d4a33174a6fe, type: 3}
    - {fileID: 21300000, guid: 7b208a158cb64a14b8ba0762d11d93e9, type: 3}
    - {fileID: 21300000, guid: 94fa36f6973a288488dd6e180bf43487, type: 3}
    - {fileID: 21300000, guid: 4b3f4335c6da06147843d19534d8fd56, type: 3}
    - {fileID: 21300000, guid: 32a75efeabee7214f9472fee8751c839, type: 3}
    - {fileID: 21300000, guid: 963dc19159a87634a81556fd6a4490bf, type: 3}
    - {fileID: 21300000, guid: 44c73225211e6d14fab555f3d3acba2f, type: 3}
    - {fileID: 21300000, guid: c9f0501d8a747c24f9f0dc29bf1b8cd5, type: 3}
    - {fileID: 21300000, guid: 47ffc202f8c5ca14594e9beaadde9855, type: 3}
    - {fileID: 21300000, guid: 0230e567571a5d145a34f8ff8e4ede58, type: 3}
    - {fileID: 21300000, guid: 45a726c17952de94bacaa4fd32d195a6, type: 3}
    - {fileID: 21300000, guid: 838e32f1df748274b970cfcd5893bd96, type: 3}
    fps: 20
  animationIgnite:
    sprites:
    - {fileID: 21300000, guid: 9b8f17d62141f6b44b3f674e581f50ce, type: 3}
    - {fileID: 21300000, guid: c928d190c1b350842a3c716a9ccc7308, type: 3}
    - {fileID: 21300000, guid: 6d170c6e7709290479d0bb0b21ffa487, type: 3}
    - {fileID: 21300000, guid: 988e6762f7f2b644b8147bc3037c2c7a, type: 3}
    - {fileID: 21300000, guid: 640a74e871b62984f9085f0637b62545, type: 3}
    - {fileID: 21300000, guid: a748c97cf96502a4599043a11cf2a053, type: 3}
    - {fileID: 21300000, guid: 989d95919ef4c62449dd40d341ac428d, type: 3}
    - {fileID: 21300000, guid: cba1d493554917e4bb0186a82ddd5205, type: 3}
    - {fileID: 21300000, guid: 95babcd46c02eca42abbb77fe97d453f, type: 3}
    - {fileID: 21300000, guid: 38cb4dc97c3c455439c0e9ab1b4089d9, type: 3}
    - {fileID: 21300000, guid: 0ecb254814cdee449a40e6bd6ffee32e, type: 3}
    - {fileID: 21300000, guid: a0bd0573aede497448932666b13e1120, type: 3}
    - {fileID: 21300000, guid: a5cd15fb8dc1195449424b06dbe0d694, type: 3}
    fps: 20
  animationGroundedWater:
    sprites:
    - {fileID: 21300000, guid: 9b8f17d62141f6b44b3f674e581f50ce, type: 3}
    fps: 20
  iceBlockSprite: {fileID: 2503548976297522657}
  debris:
  - {fileID: 21300000, guid: 4434093a477b9b64e970616b7141d502, type: 3}
  - {fileID: 21300000, guid: b0b16465f9596d740a7eb8ff2357da6a, type: 3}
  - {fileID: 21300000, guid: bef99ab598b4ab84fb9cffb47cba3d9d, type: 3}
  - {fileID: 21300000, guid: 4434093a477b9b64e970616b7141d502, type: 3}
  - {fileID: 21300000, guid: b0b16465f9596d740a7eb8ff2357da6a, type: 3}
  - {fileID: 21300000, guid: bef99ab598b4ab84fb9cffb47cba3d9d, type: 3}
  - {fileID: 21300000, guid: 4434093a477b9b64e970616b7141d502, type: 3}
  - {fileID: 21300000, guid: b0b16465f9596d740a7eb8ff2357da6a, type: 3}
  - {fileID: 21300000, guid: bef99ab598b4ab84fb9cffb47cba3d9d, type: 3}
  glowAnimated: {fileID: 2095818090}
  animationGlow:
    sprites:
    - {fileID: 21300000, guid: 0492ac145deb4f74db2a61b4826e58a9, type: 3}
    - {fileID: 21300000, guid: 4a0d3588826ad4d4da7a807158c4fa14, type: 3}
    - {fileID: 21300000, guid: ed2d9c4c47e6cc04597f42a7fd52b4ec, type: 3}
    - {fileID: 21300000, guid: e5ed879559dfce649b8cdcd2d888b066, type: 3}
    fps: 20
  animationGlowOff:
    sprites:
    - {fileID: 21300000, guid: 8b7195ad6481cb04dab7c00517c86271, type: 3}
    fps: 20
  animationGlowFizzleOut:
    sprites:
    - {fileID: 21300000, guid: 0f5dffac754e32240b0f489f49125e88, type: 3}
    - {fileID: 21300000, guid: a933d6b1707e66e409e019d57267a696, type: 3}
    - {fileID: 21300000, guid: 86b7231811cb8094eaea39f170a7bde7, type: 3}
    - {fileID: 21300000, guid: 289fe071ce2c81446905247cd9eadf0f, type: 3}
    - {fileID: 21300000, guid: 997d757343b87f949b5ae41a7adcaf5b, type: 3}
    - {fileID: 21300000, guid: 8b7195ad6481cb04dab7c00517c86271, type: 3}
    fps: 20
  animationGlowBackOn:
    sprites:
    - {fileID: 21300000, guid: 997d757343b87f949b5ae41a7adcaf5b, type: 3}
    - {fileID: 21300000, guid: 289fe071ce2c81446905247cd9eadf0f, type: 3}
    - {fileID: 21300000, guid: 86b7231811cb8094eaea39f170a7bde7, type: 3}
    - {fileID: 21300000, guid: a933d6b1707e66e409e019d57267a696, type: 3}
    - {fileID: 21300000, guid: 0f5dffac754e32240b0f489f49125e88, type: 3}
    fps: 20
--- !u!114 &2568103962241740724
MonoBehaviour:
  m_ObjectHideFlags: 0
  m_CorrespondingSourceObject: {fileID: 0}
  m_PrefabInstance: {fileID: 0}
  m_PrefabAsset: {fileID: 0}
  m_GameObject: {fileID: 835408331714973256}
  m_Enabled: 1
  m_EditorHideFlags: 0
  m_Script: {fileID: 11500000, guid: a2cedcea314d944e09159c2372cec04f, type: 3}
  m_Name: 
  m_EditorClassIdentifier: 
--- !u!1 &8077999095906484538
GameObject:
  m_ObjectHideFlags: 0
  m_CorrespondingSourceObject: {fileID: 0}
  m_PrefabInstance: {fileID: 0}
  m_PrefabAsset: {fileID: 0}
  serializedVersion: 6
  m_Component:
  - component: {fileID: 6863007522433307563}
  - component: {fileID: 2503548976297522657}
  m_Layer: 0
  m_Name: Fire Skull Ice Block
  m_TagString: Untagged
  m_Icon: {fileID: 0}
  m_NavMeshLayer: 0
  m_StaticEditorFlags: 0
  m_IsActive: 1
--- !u!4 &6863007522433307563
Transform:
  m_ObjectHideFlags: 0
  m_CorrespondingSourceObject: {fileID: 0}
  m_PrefabInstance: {fileID: 0}
  m_PrefabAsset: {fileID: 0}
  m_GameObject: {fileID: 8077999095906484538}
  m_LocalRotation: {x: 0, y: 0, z: 0, w: 1}
  m_LocalPosition: {x: 0, y: 0, z: 0}
  m_LocalScale: {x: 1, y: 1, z: 1}
  m_Children: []
  m_Father: {fileID: 2221246337013673378}
  m_RootOrder: 1
  m_LocalEulerAnglesHint: {x: 0, y: 0, z: 0}
--- !u!212 &2503548976297522657
SpriteRenderer:
  m_ObjectHideFlags: 0
  m_CorrespondingSourceObject: {fileID: 0}
  m_PrefabInstance: {fileID: 0}
  m_PrefabAsset: {fileID: 0}
  m_GameObject: {fileID: 8077999095906484538}
  m_Enabled: 0
  m_CastShadows: 0
  m_ReceiveShadows: 0
  m_DynamicOccludee: 1
  m_MotionVectors: 1
  m_LightProbeUsage: 1
  m_ReflectionProbeUsage: 1
  m_RayTracingMode: 0
  m_RayTraceProcedural: 0
  m_RenderingLayerMask: 1
  m_RendererPriority: 0
  m_Materials:
  - {fileID: 10754, guid: 0000000000000000f000000000000000, type: 0}
  m_StaticBatchInfo:
    firstSubMesh: 0
    subMeshCount: 0
  m_StaticBatchRoot: {fileID: 0}
  m_ProbeAnchor: {fileID: 0}
  m_LightProbeVolumeOverride: {fileID: 0}
  m_ScaleInLightmap: 1
  m_ReceiveGI: 1
  m_PreserveUVs: 0
  m_IgnoreNormalsForChartDetection: 0
  m_ImportantGI: 0
  m_StitchLightmapSeams: 1
  m_SelectedEditorRenderState: 0
  m_MinimumChartSize: 4
  m_AutoUVMaxDistance: 0.5
  m_AutoUVMaxAngle: 89
  m_LightmapParameters: {fileID: 0}
  m_SortingLayerID: -991332387
  m_SortingLayer: -14
  m_SortingOrder: 2
  m_Sprite: {fileID: 21300000, guid: b457a0f48f0deff4b93d86ca332cb61d, type: 3}
  m_Color: {r: 1, g: 1, b: 1, a: 1}
  m_FlipX: 0
  m_FlipY: 0
  m_DrawMode: 0
  m_Size: {x: 2.11, y: 2.11}
  m_AdaptiveModeThreshold: 0.5
  m_SpriteTileMode: 0
  m_WasSpriteAssigned: 1
  m_MaskInteraction: 0
  m_SpriteSortPoint: 0
