%YAML 1.1
%TAG !u! tag:unity3d.com,2011:
--- !u!1 &1353354498428653093
GameObject:
  m_ObjectHideFlags: 0
  m_CorrespondingSourceObject: {fileID: 0}
  m_PrefabInstance: {fileID: 0}
  m_PrefabAsset: {fileID: 0}
  serializedVersion: 6
  m_Component:
  - component: {fileID: 1359299934273562229}
  - component: {fileID: 1170727235217738829}
  - component: {fileID: 1394060398129668489}
  - component: {fileID: 1393970653260511195}
  m_Layer: 0
  m_Name: Locked Chest Powerup
  m_TagString: Untagged
  m_Icon: {fileID: 0}
  m_NavMeshLayer: 0
  m_StaticEditorFlags: 0
  m_IsActive: 1
--- !u!4 &1359299934273562229
Transform:
  m_ObjectHideFlags: 0
  m_CorrespondingSourceObject: {fileID: 0}
  m_PrefabInstance: {fileID: 0}
  m_PrefabAsset: {fileID: 0}
  m_GameObject: {fileID: 1353354498428653093}
  m_LocalRotation: {x: 0, y: 0, z: 0, w: 1}
  m_LocalPosition: {x: 5.992313, y: 32.484875, z: 0}
  m_LocalScale: {x: 1, y: 1, z: 1}
  m_Children:
  - {fileID: 3203017196594260987}
  m_Father: {fileID: 0}
  m_RootOrder: 0
  m_LocalEulerAnglesHint: {x: 0, y: 0, z: 0}
--- !u!212 &1170727235217738829
SpriteRenderer:
  m_ObjectHideFlags: 0
  m_CorrespondingSourceObject: {fileID: 0}
  m_PrefabInstance: {fileID: 0}
  m_PrefabAsset: {fileID: 0}
  m_GameObject: {fileID: 1353354498428653093}
  m_Enabled: 1
  m_CastShadows: 0
  m_ReceiveShadows: 0
  m_DynamicOccludee: 1
  m_MotionVectors: 1
  m_LightProbeUsage: 1
  m_ReflectionProbeUsage: 1
  m_RayTracingMode: 0
  m_RayTraceProcedural: 0
  m_RenderingLayerMask: 1
  m_RendererPriority: 0
  m_Materials:
  - {fileID: 10754, guid: 0000000000000000f000000000000000, type: 0}
  m_StaticBatchInfo:
    firstSubMesh: 0
    subMeshCount: 0
  m_StaticBatchRoot: {fileID: 0}
  m_ProbeAnchor: {fileID: 0}
  m_LightProbeVolumeOverride: {fileID: 0}
  m_ScaleInLightmap: 1
  m_ReceiveGI: 1
  m_PreserveUVs: 0
  m_IgnoreNormalsForChartDetection: 0
  m_ImportantGI: 0
  m_StitchLightmapSeams: 0
  m_SelectedEditorRenderState: 0
  m_MinimumChartSize: 4
  m_AutoUVMaxDistance: 0.5
  m_AutoUVMaxAngle: 89
  m_LightmapParameters: {fileID: 0}
  m_SortingLayerID: 115992415
  m_SortingLayer: -12
  m_SortingOrder: 0
  m_Sprite: {fileID: 21300000, guid: cb39fd46809404e4db9da423945d477a, type: 3}
  m_Color: {r: 1, g: 1, b: 1, a: 1}
  m_FlipX: 0
  m_FlipY: 0
  m_DrawMode: 0
  m_Size: {x: 38, y: 34}
  m_AdaptiveModeThreshold: 0.5
  m_SpriteTileMode: 0
  m_WasSpriteAssigned: 1
  m_MaskInteraction: 0
  m_SpriteSortPoint: 0
--- !u!114 &1394060398129668489
MonoBehaviour:
  m_ObjectHideFlags: 0
  m_CorrespondingSourceObject: {fileID: 0}
  m_PrefabInstance: {fileID: 0}
  m_PrefabAsset: {fileID: 0}
  m_GameObject: {fileID: 1353354498428653093}
  m_Enabled: 1
  m_EditorHideFlags: 0
  m_Script: {fileID: 11500000, guid: cf35c042656b940b0b0600d3a897cdba, type: 3}
  m_Name: 
  m_EditorClassIdentifier: 
  animationIdle:
    sprites:
    - {fileID: 21300000, guid: fa9cc46cd889d0d4d81e1288b874a74c, type: 3}
    fps: 30
  animationOpen:
    sprites:
    - {fileID: 21300000, guid: 4937d58af0269a44382032246ae93560, type: 3}
    - {fileID: 21300000, guid: 481e31f24ba518f4a851f4425b51d9f8, type: 3}
    - {fileID: 21300000, guid: 0c400cfac88a781408eae593d5c874b5, type: 3}
    - {fileID: 21300000, guid: d64f5f4983d15ff42b048267b6310e12, type: 3}
    - {fileID: 21300000, guid: 5e7ca90fdf0036e49a767e5db9fcf829, type: 3}
    - {fileID: 21300000, guid: e2534f8fe29c980489ae40680f5850b9, type: 3}
    - {fileID: 21300000, guid: 4afb486eb07e5fd4592cddc74c624f5e, type: 3}
    - {fileID: 21300000, guid: 6d6544dddb0b8414c9986f303cd6f5f3, type: 3}
    - {fileID: 21300000, guid: 9d874d394431ad443850939b99784b72, type: 3}
    - {fileID: 21300000, guid: 867f4dfe2176a5b43abcf0d8cc6f46b0, type: 3}
    - {fileID: 21300000, guid: fabedb4ed7380744bbd7e8f5f7a0e97b, type: 3}
    - {fileID: 21300000, guid: c5b8dd526fd78e64eacb756c9124272a, type: 3}
    - {fileID: 21300000, guid: b32d9e3e423fb7a4aa2baa2746ab6966, type: 3}
    - {fileID: 21300000, guid: 8506fbeb4ad4c5941a926656c74011df, type: 3}
    fps: 30
  randomPrize: 0
  prize: 3
  isFlying: 0
  wingRightAnimated: {fileID: 0}
  wingLeftAnimated: {fileID: 0}
  animationWing:
    sprites: []
    fps: 30
  isLocked: 1
  LockedChains: {fileID: 5011641776137265104}
  animationChainBreak:
    sprites:
    - {fileID: 21300000, guid: 1f5edec865fed304ea7818296ae1ee04, type: 3}
    - {fileID: 21300000, guid: 2d3dde2906353594ebf420d4ffa540af, type: 3}
    - {fileID: 21300000, guid: 93663d0c158c5a44e8ca3e0ade191f90, type: 3}
    - {fileID: 21300000, guid: ce0eef07c16a1404e80e6e218fc1fc7d, type: 3}
    - {fileID: 21300000, guid: 0ef94898028514f48bb57f579b4a3747, type: 3}
    - {fileID: 21300000, guid: 145aa5856c259c746a7343f1ac5c46f1, type: 3}
    - {fileID: 21300000, guid: 77a87a3bb830cd647979592a0f55f8ed, type: 3}
    - {fileID: 21300000, guid: 3688d324628184a4c9c9f303eb1a246c, type: 3}
    - {fileID: 21300000, guid: ac6e46cf65a1e2e46b8d616e920dd00f, type: 3}
    fps: 20
  animationChainInvisible:
    sprites:
    - {fileID: 0}
    fps: 30
  useParts: 0
  top: {fileID: 0}
  bottom: {fileID: 0}
  checkPointScaleCurve:
    serializedVersion: 2
    m_Curve:
    - serializedVersion: 3
      time: 0
      value: 0
      inSlope: 2
      outSlope: 2
      tangentMode: 0
      weightedMode: 0
      inWeight: 0
      outWeight: 0
    - serializedVersion: 3
      time: 1
      value: 1
      inSlope: -1.7134924
      outSlope: -1.7134924
      tangentMode: 0
      weightedMode: 0
      inWeight: 0.036834896
      outWeight: 0
    m_PreInfinity: 2
    m_PostInfinity: 2
    m_RotationOrder: 4
  open: 0
--- !u!114 &1393970653260511195
MonoBehaviour:
  m_ObjectHideFlags: 0
  m_CorrespondingSourceObject: {fileID: 0}
  m_PrefabInstance: {fileID: 0}
  m_PrefabAsset: {fileID: 0}
  m_GameObject: {fileID: 1353354498428653093}
  m_Enabled: 1
  m_EditorHideFlags: 0
  m_Script: {fileID: 11500000, guid: a2cedcea314d944e09159c2372cec04f, type: 3}
  m_Name: 
  m_EditorClassIdentifier: 
--- !u!1 &5011641776137265104
GameObject:
  m_ObjectHideFlags: 0
  m_CorrespondingSourceObject: {fileID: 0}
  m_PrefabInstance: {fileID: 0}
  m_PrefabAsset: {fileID: 0}
  serializedVersion: 6
  m_Component:
  - component: {fileID: 3203017196594260987}
  - component: {fileID: 2753061791721052629}
  - component: {fileID: 5424219918475571686}
  m_Layer: 0
  m_Name: Chains
  m_TagString: Untagged
  m_Icon: {fileID: 0}
  m_NavMeshLayer: 0
  m_StaticEditorFlags: 0
  m_IsActive: 1
--- !u!4 &3203017196594260987
Transform:
  m_ObjectHideFlags: 0
  m_CorrespondingSourceObject: {fileID: 0}
  m_PrefabInstance: {fileID: 0}
  m_PrefabAsset: {fileID: 0}
  m_GameObject: {fileID: 5011641776137265104}
  m_LocalRotation: {x: 0, y: 0, z: 0, w: 1}
  m_LocalPosition: {x: -0.447, y: 0.68, z: 0}
  m_LocalScale: {x: 1, y: 1, z: 1}
  m_Children: []
  m_Father: {fileID: 1359299934273562229}
  m_RootOrder: 0
  m_LocalEulerAnglesHint: {x: 0, y: 0, z: 0}
--- !u!212 &2753061791721052629
SpriteRenderer:
  m_ObjectHideFlags: 0
  m_CorrespondingSourceObject: {fileID: 0}
  m_PrefabInstance: {fileID: 0}
  m_PrefabAsset: {fileID: 0}
  m_GameObject: {fileID: 5011641776137265104}
  m_Enabled: 1
  m_CastShadows: 0
  m_ReceiveShadows: 0
  m_DynamicOccludee: 1
  m_MotionVectors: 1
  m_LightProbeUsage: 1
  m_ReflectionProbeUsage: 1
  m_RayTracingMode: 0
  m_RayTraceProcedural: 0
  m_RenderingLayerMask: 1
  m_RendererPriority: 0
  m_Materials:
  - {fileID: 10754, guid: 0000000000000000f000000000000000, type: 0}
  m_StaticBatchInfo:
    firstSubMesh: 0
    subMeshCount: 0
  m_StaticBatchRoot: {fileID: 0}
  m_ProbeAnchor: {fileID: 0}
  m_LightProbeVolumeOverride: {fileID: 0}
  m_ScaleInLightmap: 1
  m_ReceiveGI: 1
  m_PreserveUVs: 0
  m_IgnoreNormalsForChartDetection: 0
  m_ImportantGI: 0
  m_StitchLightmapSeams: 1
  m_SelectedEditorRenderState: 0
  m_MinimumChartSize: 4
  m_AutoUVMaxDistance: 0.5
  m_AutoUVMaxAngle: 89
  m_LightmapParameters: {fileID: 0}
  m_SortingLayerID: 115992415
  m_SortingLayer: -12
  m_SortingOrder: 1
  m_Sprite: {fileID: 21300000, guid: 1f5edec865fed304ea7818296ae1ee04, type: 3}
  m_Color: {r: 1, g: 1, b: 1, a: 1}
  m_FlipX: 0
  m_FlipY: 0
  m_DrawMode: 0
  m_Size: {x: 6.3142858, y: 6.5}
  m_AdaptiveModeThreshold: 0.5
  m_SpriteTileMode: 0
  m_WasSpriteAssigned: 1
  m_MaskInteraction: 0
  m_SpriteSortPoint: 0
--- !u!114 &5424219918475571686
MonoBehaviour:
  m_ObjectHideFlags: 0
  m_CorrespondingSourceObject: {fileID: 0}
  m_PrefabInstance: {fileID: 0}
  m_PrefabAsset: {fileID: 0}
  m_GameObject: {fileID: 5011641776137265104}
  m_Enabled: 1
  m_EditorHideFlags: 0
  m_Script: {fileID: 11500000, guid: a2cedcea314d944e09159c2372cec04f, type: 3}
  m_Name: 
  m_EditorClassIdentifier: 
