%YAML 1.1
%TAG !u! tag:unity3d.com,2011:
--- !u!1 &548595472621407812
GameObject:
  m_ObjectHideFlags: 0
  m_CorrespondingSourceObject: {fileID: 0}
  m_PrefabInstance: {fileID: 0}
  m_PrefabAsset: {fileID: 0}
  serializedVersion: 6
  m_Component:
  - component: {fileID: 7884864315752579958}
  - component: {fileID: 3270145393105950382}
  - component: {fileID: 4594758091173328158}
  m_Layer: 0
  m_Name: Smoke
  m_TagString: Untagged
  m_Icon: {fileID: 0}
  m_NavMeshLayer: 0
  m_StaticEditorFlags: 0
  m_IsActive: 1
--- !u!4 &7884864315752579958
Transform:
  m_ObjectHideFlags: 0
  m_CorrespondingSourceObject: {fileID: 0}
  m_PrefabInstance: {fileID: 0}
  m_PrefabAsset: {fileID: 0}
  m_GameObject: {fileID: 548595472621407812}
  m_LocalRotation: {x: -0, y: -0, z: -0, w: 1}
  m_LocalPosition: {x: 0, y: 0, z: 0}
  m_LocalScale: {x: 1, y: 1, z: 1}
  m_Children: []
  m_Father: {fileID: 829779716607673270}
  m_RootOrder: 0
  m_LocalEulerAnglesHint: {x: 0, y: 0, z: 0}
--- !u!33 &3270145393105950382
MeshFilter:
  m_ObjectHideFlags: 0
  m_CorrespondingSourceObject: {fileID: 0}
  m_PrefabInstance: {fileID: 0}
  m_PrefabAsset: {fileID: 0}
  m_GameObject: {fileID: 548595472621407812}
  m_Mesh: {fileID: 10210, guid: 0000000000000000e000000000000000, type: 0}
--- !u!23 &4594758091173328158
MeshRenderer:
  m_ObjectHideFlags: 0
  m_CorrespondingSourceObject: {fileID: 0}
  m_PrefabInstance: {fileID: 0}
  m_PrefabAsset: {fileID: 0}
  m_GameObject: {fileID: 548595472621407812}
  m_Enabled: 1
  m_CastShadows: 0
  m_ReceiveShadows: 1
  m_DynamicOccludee: 1
  m_MotionVectors: 1
  m_LightProbeUsage: 1
  m_ReflectionProbeUsage: 1
  m_RayTracingMode: 2
  m_RayTraceProcedural: 0
  m_RenderingLayerMask: 1
  m_RendererPriority: 0
  m_Materials:
  - {fileID: 2100000, guid: a1d746ec07fa25840b4e6caae84609fb, type: 2}
  m_StaticBatchInfo:
    firstSubMesh: 0
    subMeshCount: 0
  m_StaticBatchRoot: {fileID: 0}
  m_ProbeAnchor: {fileID: 0}
  m_LightProbeVolumeOverride: {fileID: 0}
  m_ScaleInLightmap: 1
  m_ReceiveGI: 1
  m_PreserveUVs: 0
  m_IgnoreNormalsForChartDetection: 0
  m_ImportantGI: 0
  m_StitchLightmapSeams: 1
  m_SelectedEditorRenderState: 3
  m_MinimumChartSize: 4
  m_AutoUVMaxDistance: 0.5
  m_AutoUVMaxAngle: 89
  m_LightmapParameters: {fileID: 0}
  m_SortingLayerID: 0
  m_SortingLayer: 0
  m_SortingOrder: 0
  m_AdditionalVertexStreams: {fileID: 0}
--- !u!1 &2577955073902235735
GameObject:
  m_ObjectHideFlags: 0
  m_CorrespondingSourceObject: {fileID: 0}
  m_PrefabInstance: {fileID: 0}
  m_PrefabAsset: {fileID: 0}
  serializedVersion: 6
  m_Component:
  - component: {fileID: 829779716607673270}
  m_Layer: 0
  m_Name: Smoke Parent
  m_TagString: Untagged
  m_Icon: {fileID: 0}
  m_NavMeshLayer: 0
  m_StaticEditorFlags: 0
  m_IsActive: 1
--- !u!4 &829779716607673270
Transform:
  m_ObjectHideFlags: 0
  m_CorrespondingSourceObject: {fileID: 0}
  m_PrefabInstance: {fileID: 0}
  m_PrefabAsset: {fileID: 0}
  m_GameObject: {fileID: 2577955073902235735}
  m_LocalRotation: {x: 0, y: 0, z: 0, w: 1}
  m_LocalPosition: {x: 0, y: 1.75, z: 0}
  m_LocalScale: {x: 4, y: 2.5, z: 1}
  m_Children:
  - {fileID: 7884864315752579958}
  - {fileID: 1587353671503791848}
  m_Father: {fileID: 3072294886038758422}
  m_RootOrder: 1
  m_LocalEulerAnglesHint: {x: 0, y: 0, z: 0}
--- !u!1 &3072294886038758504
GameObject:
  m_ObjectHideFlags: 0
  m_CorrespondingSourceObject: {fileID: 0}
  m_PrefabInstance: {fileID: 0}
  m_PrefabAsset: {fileID: 0}
  serializedVersion: 6
  m_Component:
  - component: {fileID: 3072294886038758422}
  - component: {fileID: 3072294886038758423}
  - component: {fileID: -5232082994823472469}
  - component: {fileID: 8553455857139086855}
  m_Layer: 0
  m_Name: Geyser
  m_TagString: Untagged
  m_Icon: {fileID: 0}
  m_NavMeshLayer: 0
  m_StaticEditorFlags: 0
  m_IsActive: 1
--- !u!4 &3072294886038758422
Transform:
  m_ObjectHideFlags: 0
  m_CorrespondingSourceObject: {fileID: 0}
  m_PrefabInstance: {fileID: 0}
  m_PrefabAsset: {fileID: 0}
  m_GameObject: {fileID: 3072294886038758504}
  m_LocalRotation: {x: 0, y: 0, z: 0, w: 1}
  m_LocalPosition: {x: 0, y: 0, z: 0}
  m_LocalScale: {x: 1, y: 1, z: 1}
  m_Children:
  - {fileID: 9103595574852030524}
  - {fileID: 829779716607673270}
  - {fileID: 8662252810684074689}
  - {fileID: 7415714354023147951}
  m_Father: {fileID: 0}
  m_RootOrder: 0
  m_LocalEulerAnglesHint: {x: 0, y: 0, z: 0}
--- !u!212 &3072294886038758423
SpriteRenderer:
  m_ObjectHideFlags: 0
  m_CorrespondingSourceObject: {fileID: 0}
  m_PrefabInstance: {fileID: 0}
  m_PrefabAsset: {fileID: 0}
  m_GameObject: {fileID: 3072294886038758504}
  m_Enabled: 1
  m_CastShadows: 0
  m_ReceiveShadows: 0
  m_DynamicOccludee: 1
  m_MotionVectors: 1
  m_LightProbeUsage: 1
  m_ReflectionProbeUsage: 1
  m_RayTracingMode: 0
  m_RayTraceProcedural: 0
  m_RenderingLayerMask: 1
  m_RendererPriority: 0
  m_Materials:
  - {fileID: 10754, guid: 0000000000000000f000000000000000, type: 0}
  m_StaticBatchInfo:
    firstSubMesh: 0
    subMeshCount: 0
  m_StaticBatchRoot: {fileID: 0}
  m_ProbeAnchor: {fileID: 0}
  m_LightProbeVolumeOverride: {fileID: 0}
  m_ScaleInLightmap: 1
  m_ReceiveGI: 1
  m_PreserveUVs: 0
  m_IgnoreNormalsForChartDetection: 0
  m_ImportantGI: 0
  m_StitchLightmapSeams: 1
  m_SelectedEditorRenderState: 0
  m_MinimumChartSize: 4
  m_AutoUVMaxDistance: 0.5
  m_AutoUVMaxAngle: 89
  m_LightmapParameters: {fileID: 0}
  m_SortingLayerID: 2001696327
  m_SortingLayer: -4
  m_SortingOrder: 7
  m_Sprite: {fileID: 21300000, guid: fd38563697767d64498fa6b27931551b, type: 3}
  m_Color: {r: 1, g: 1, b: 1, a: 1}
  m_FlipX: 0
  m_FlipY: 0
  m_DrawMode: 0
  m_Size: {x: 5, y: 2}
  m_AdaptiveModeThreshold: 0.5
  m_SpriteTileMode: 0
  m_WasSpriteAssigned: 1
  m_MaskInteraction: 0
  m_SpriteSortPoint: 0
--- !u!114 &-5232082994823472469
MonoBehaviour:
  m_ObjectHideFlags: 0
  m_CorrespondingSourceObject: {fileID: 0}
  m_PrefabInstance: {fileID: 0}
  m_PrefabAsset: {fileID: 0}
  m_GameObject: {fileID: 3072294886038758504}
  m_Enabled: 1
  m_EditorHideFlags: 0
  m_Script: {fileID: 11500000, guid: a2cedcea314d944e09159c2372cec04f, type: 3}
  m_Name: 
  m_EditorClassIdentifier: 
--- !u!114 &8553455857139086855
MonoBehaviour:
  m_ObjectHideFlags: 0
  m_CorrespondingSourceObject: {fileID: 0}
  m_PrefabInstance: {fileID: 0}
  m_PrefabAsset: {fileID: 0}
  m_GameObject: {fileID: 3072294886038758504}
  m_Enabled: 1
  m_EditorHideFlags: 0
  m_Script: {fileID: 11500000, guid: f91953ab60cf91346aeee501fea73887, type: 3}
  m_Name: 
  m_EditorClassIdentifier: 
  animationCold:
    sprites:
    - {fileID: 21300000, guid: af3b341bdd4704c4d8d99e5d2df4e94b, type: 3}
    fps: 30
  animationHot:
    sprites:
    - {fileID: 21300000, guid: fd38563697767d64498fa6b27931551b, type: 3}
    fps: 30
  smokeRenderer: {fileID: 4594758091173328158}
  smokeHighlightRenderer: {fileID: 7342520913232332684}
  smokeTopRenderer: {fileID: 6791541314256457180}
  smokeTransform: {fileID: 829779716607673270}
  animationSmoke:
  - {fileID: 2800000, guid: 058b1618c4c3cc743a54d36387423948, type: 3}
  - {fileID: 2800000, guid: 8fdb0462de8f7094586f53cde9922dd8, type: 3}
  - {fileID: 2800000, guid: d01612d8a051f4243931750f09d72159, type: 3}
  - {fileID: 2800000, guid: 70f4ace66cbde45438341669f2ae2115, type: 3}
  - {fileID: 2800000, guid: 98389ada6936f514b8ac47511d72a782, type: 3}
  - {fileID: 2800000, guid: 1fefcb994e9c32544877f21f714efaaf, type: 3}
  - {fileID: 2800000, guid: 0115bd3e4d70cf047805afe3a7a13bd4, type: 3}
  - {fileID: 2800000, guid: e1dcd5821f93dbb4daa9d55e8ba88b87, type: 3}
  - {fileID: 2800000, guid: c5e98857710247e4fae2873f138b7b41, type: 3}
  - {fileID: 2800000, guid: f129723c1d80e6c49acf2e726a6d2967, type: 3}
  - {fileID: 2800000, guid: 788db3da287332548afd34a8b1637660, type: 3}
  - {fileID: 2800000, guid: 1b91102ffbfac2a408008c222b125f41, type: 3}
  animationSmokeHighlight:
  - {fileID: 2800000, guid: 16f8a72b4926a584f91ad3b7436bb958, type: 3}
  - {fileID: 2800000, guid: f917b4f9cb3e8c34fb4ec4c241336254, type: 3}
  - {fileID: 2800000, guid: 79260763742f2f34988e7ad1dad6e73f, type: 3}
  - {fileID: 2800000, guid: c063c01eb3f51324994f20add8c1d523, type: 3}
  - {fileID: 2800000, guid: c9fe785be56913747b2857d6d9c487fc, type: 3}
  - {fileID: 2800000, guid: bdafabfb4450622478d3328709e83afc, type: 3}
  - {fileID: 2800000, guid: e58476ab6f5db7b4cb0e1bc3316fa5df, type: 3}
  - {fileID: 2800000, guid: fe7287d4ba10e7a4199ea67125eba336, type: 3}
  - {fileID: 2800000, guid: 5ae33c89f36f8494b9bd199a9b3204bd, type: 3}
  - {fileID: 2800000, guid: 81f355cda71d5e742a04206e2608fabf, type: 3}
  - {fileID: 2800000, guid: 3ac7103c09b8821449ac126555ce9475, type: 3}
  - {fileID: 2800000, guid: f7925ecd6bb68cb49aa34cac22eaf3ac, type: 3}
  animationSmokeTop:
  - {fileID: 2800000, guid: e0cffa2964f4bc14182ab5ac53adaa07, type: 3}
  - {fileID: 2800000, guid: 35dca522e1451b04fae7b8b9c4c12973, type: 3}
  - {fileID: 2800000, guid: 8a88693ccbbe3c74b8f4fa57fdec70b1, type: 3}
  - {fileID: 2800000, guid: 59fdf10f5b8afe04e94935f58d5cd6ea, type: 3}
  - {fileID: 2800000, guid: 519b6a0ba3cad9a428dfabcad28e70b2, type: 3}
  - {fileID: 2800000, guid: 77f89153260b31b45b326b28f4767582, type: 3}
  - {fileID: 2800000, guid: 8bcbc534c30884e49bfa40be61845c71, type: 3}
  - {fileID: 2800000, guid: 5d13c800823d9594aa5a8cfbb495f167, type: 3}
  - {fileID: 2800000, guid: 0a4e03f4de4fc4941afcae7840fc4e47, type: 3}
  - {fileID: 2800000, guid: b05771289c33d894a835bbfa74092c78, type: 3}
  - {fileID: 2800000, guid: 9065e30740ce0ad40b9135c32d3f641f, type: 3}
  - {fileID: 2800000, guid: 54f174e57b3fea84aa9e021b6d74aca6, type: 3}
  animationSmokeEnd:
  - {fileID: 2800000, guid: 061354aaeacc78a40b1d408a71451edf, type: 3}
  - {fileID: 2800000, guid: ca1a6dbf398ce17468f171d3e4ab0a63, type: 3}
  - {fileID: 2800000, guid: 1efcf326f80553a46ac1c0d78ad4ba6b, type: 3}
  - {fileID: 2800000, guid: 623b72f5455ae4a4b9048d4bd01f4bb4, type: 3}
  - {fileID: 2800000, guid: 0e8e13e3477e2714188cb6d49c475d88, type: 3}
  - {fileID: 2800000, guid: 3fe9a73e560d7b04eb28859d9c1235d6, type: 3}
  - {fileID: 2800000, guid: 7626bb503840b3b488ca5e9d9946fc8d, type: 3}
  - {fileID: 2800000, guid: 4abd90f444429254f8d397df7a4139af, type: 3}
  animationSmokeHighlightEnd:
  - {fileID: 2800000, guid: 8b7195ad6481cb04dab7c00517c86271, type: 3}
  animationSmokeTopEnd:
  - {fileID: 2800000, guid: 8b7195ad6481cb04dab7c00517c86271, type: 3}
  waterAnimated: {fileID: 3594741817295028085}
  animationWaterBlank:
    sprites:
    - {fileID: 21300000, guid: 8b7195ad6481cb04dab7c00517c86271, type: 3}
    fps: 30
  animationWaterSplash:
    sprites:
    - {fileID: 21300000, guid: 555ff45b69ab8d94db04d007ff415f80, type: 3}
    - {fileID: 21300000, guid: 78798e4feba811a4cb24d505743dc99d, type: 3}
    - {fileID: 21300000, guid: 4b3048f4848b65a41957074fb58a1613, type: 3}
    - {fileID: 21300000, guid: 2ba1424c74e3c74428631fc7fc96cfea, type: 3}
    - {fileID: 21300000, guid: ee192ef6cfdaf0441ab85cad49264f48, type: 3}
    - {fileID: 21300000, guid: a361283d707a196458cb373294f12cef, type: 3}
    - {fileID: 21300000, guid: 16360fd367c975f4e887a2f2edf457e0, type: 3}
    - {fileID: 21300000, guid: 8ab0aed29d74c954dba75a04e55e2386, type: 3}
    - {fileID: 21300000, guid: 402ca2af76057bc4090da59d6a7e11bb, type: 3}
    - {fileID: 21300000, guid: 3c70da4491ae07347bdf7948fb1b6029, type: 3}
    fps: 20
--- !u!1 &3979238716466463636
GameObject:
  m_ObjectHideFlags: 0
  m_CorrespondingSourceObject: {fileID: 0}
  m_PrefabInstance: {fileID: 0}
  m_PrefabAsset: {fileID: 0}
  serializedVersion: 6
  m_Component:
  - component: {fileID: 9103595574852030524}
  - component: {fileID: 5844989594621303635}
  m_Layer: 0
  m_Name: Geyser Back
  m_TagString: Untagged
  m_Icon: {fileID: 0}
  m_NavMeshLayer: 0
  m_StaticEditorFlags: 0
  m_IsActive: 1
--- !u!4 &9103595574852030524
Transform:
  m_ObjectHideFlags: 0
  m_CorrespondingSourceObject: {fileID: 0}
  m_PrefabInstance: {fileID: 0}
  m_PrefabAsset: {fileID: 0}
  m_GameObject: {fileID: 3979238716466463636}
  m_LocalRotation: {x: 0, y: 0, z: 0, w: 1}
  m_LocalPosition: {x: 0, y: 0, z: 0}
  m_LocalScale: {x: 1, y: 1, z: 1}
  m_Children: []
  m_Father: {fileID: 3072294886038758422}
  m_RootOrder: 0
  m_LocalEulerAnglesHint: {x: 0, y: 0, z: 0}
--- !u!212 &5844989594621303635
SpriteRenderer:
  m_ObjectHideFlags: 0
  m_CorrespondingSourceObject: {fileID: 0}
  m_PrefabInstance: {fileID: 0}
  m_PrefabAsset: {fileID: 0}
  m_GameObject: {fileID: 3979238716466463636}
  m_Enabled: 1
  m_CastShadows: 0
  m_ReceiveShadows: 0
  m_DynamicOccludee: 1
  m_MotionVectors: 1
  m_LightProbeUsage: 1
  m_ReflectionProbeUsage: 1
  m_RayTracingMode: 0
  m_RayTraceProcedural: 0
  m_RenderingLayerMask: 1
  m_RendererPriority: 0
  m_Materials:
  - {fileID: 10754, guid: 0000000000000000f000000000000000, type: 0}
  m_StaticBatchInfo:
    firstSubMesh: 0
    subMeshCount: 0
  m_StaticBatchRoot: {fileID: 0}
  m_ProbeAnchor: {fileID: 0}
  m_LightProbeVolumeOverride: {fileID: 0}
  m_ScaleInLightmap: 1
  m_ReceiveGI: 1
  m_PreserveUVs: 0
  m_IgnoreNormalsForChartDetection: 0
  m_ImportantGI: 0
  m_StitchLightmapSeams: 1
  m_SelectedEditorRenderState: 0
  m_MinimumChartSize: 4
  m_AutoUVMaxDistance: 0.5
  m_AutoUVMaxAngle: 89
  m_LightmapParameters: {fileID: 0}
  m_SortingLayerID: -991332387
  m_SortingLayer: -14
  m_SortingOrder: -1
  m_Sprite: {fileID: 21300000, guid: d0856ed93f5c1504f87b49f4c0a816ed, type: 3}
  m_Color: {r: 1, g: 1, b: 1, a: 1}
  m_FlipX: 0
  m_FlipY: 0
  m_DrawMode: 0
  m_Size: {x: 5.3, y: 2.1857142}
  m_AdaptiveModeThreshold: 0.5
  m_SpriteTileMode: 0
  m_WasSpriteAssigned: 1
  m_MaskInteraction: 0
  m_SpriteSortPoint: 0
--- !u!1 &4610642695138689153
GameObject:
  m_ObjectHideFlags: 0
  m_CorrespondingSourceObject: {fileID: 0}
  m_PrefabInstance: {fileID: 0}
  m_PrefabAsset: {fileID: 0}
  serializedVersion: 6
  m_Component:
  - component: {fileID: 7415714354023147951}
  - component: {fileID: 7938034441516203208}
  - component: {fileID: 3594741817295028085}
  m_Layer: 0
  m_Name: Water
  m_TagString: Untagged
  m_Icon: {fileID: 0}
  m_NavMeshLayer: 0
  m_StaticEditorFlags: 0
  m_IsActive: 1
--- !u!4 &7415714354023147951
Transform:
  m_ObjectHideFlags: 0
  m_CorrespondingSourceObject: {fileID: 0}
  m_PrefabInstance: {fileID: 0}
  m_PrefabAsset: {fileID: 0}
  m_GameObject: {fileID: 4610642695138689153}
  m_LocalRotation: {x: 0, y: 0, z: 0, w: 1}
  m_LocalPosition: {x: 0, y: 0.555, z: 0}
  m_LocalScale: {x: 1, y: 1, z: 1}
  m_Children: []
  m_Father: {fileID: 3072294886038758422}
  m_RootOrder: 3
  m_LocalEulerAnglesHint: {x: 0, y: 0, z: 0}
--- !u!212 &7938034441516203208
SpriteRenderer:
  m_ObjectHideFlags: 0
  m_CorrespondingSourceObject: {fileID: 0}
  m_PrefabInstance: {fileID: 0}
  m_PrefabAsset: {fileID: 0}
  m_GameObject: {fileID: 4610642695138689153}
  m_Enabled: 1
  m_CastShadows: 0
  m_ReceiveShadows: 0
  m_DynamicOccludee: 1
  m_MotionVectors: 1
  m_LightProbeUsage: 1
  m_ReflectionProbeUsage: 1
  m_RayTracingMode: 0
  m_RayTraceProcedural: 0
  m_RenderingLayerMask: 1
  m_RendererPriority: 0
  m_Materials:
  - {fileID: 10754, guid: 0000000000000000f000000000000000, type: 0}
  m_StaticBatchInfo:
    firstSubMesh: 0
    subMeshCount: 0
  m_StaticBatchRoot: {fileID: 0}
  m_ProbeAnchor: {fileID: 0}
  m_LightProbeVolumeOverride: {fileID: 0}
  m_ScaleInLightmap: 1
  m_ReceiveGI: 1
  m_PreserveUVs: 0
  m_IgnoreNormalsForChartDetection: 0
  m_ImportantGI: 0
  m_StitchLightmapSeams: 1
  m_SelectedEditorRenderState: 0
  m_MinimumChartSize: 4
  m_AutoUVMaxDistance: 0.5
  m_AutoUVMaxAngle: 89
  m_LightmapParameters: {fileID: 0}
  m_SortingLayerID: 115992415
  m_SortingLayer: -13
  m_SortingOrder: 0
  m_Sprite: {fileID: 21300000, guid: 8b7195ad6481cb04dab7c00517c86271, type: 3}
  m_Color: {r: 1, g: 1, b: 1, a: 1}
  m_FlipX: 0
  m_FlipY: 0
  m_DrawMode: 0
  m_Size: {x: 5.428571, y: 3.8}
  m_AdaptiveModeThreshold: 0.5
  m_SpriteTileMode: 0
  m_WasSpriteAssigned: 1
  m_MaskInteraction: 0
  m_SpriteSortPoint: 0
--- !u!114 &3594741817295028085
MonoBehaviour:
  m_ObjectHideFlags: 0
  m_CorrespondingSourceObject: {fileID: 0}
  m_PrefabInstance: {fileID: 0}
  m_PrefabAsset: {fileID: 0}
  m_GameObject: {fileID: 4610642695138689153}
  m_Enabled: 1
  m_EditorHideFlags: 0
  m_Script: {fileID: 11500000, guid: a2cedcea314d944e09159c2372cec04f, type: 3}
  m_Name: 
  m_EditorClassIdentifier: 
--- !u!1 &6201226082763549073
GameObject:
  m_ObjectHideFlags: 0
  m_CorrespondingSourceObject: {fileID: 0}
  m_PrefabInstance: {fileID: 0}
  m_PrefabAsset: {fileID: 0}
  serializedVersion: 6
  m_Component:
  - component: {fileID: 8662252810684074689}
  - component: {fileID: 5235000695978099521}
  - component: {fileID: 6791541314256457180}
  m_Layer: 0
  m_Name: Smoke Top
  m_TagString: Untagged
  m_Icon: {fileID: 0}
  m_NavMeshLayer: 0
  m_StaticEditorFlags: 0
  m_IsActive: 1
--- !u!4 &8662252810684074689
Transform:
  m_ObjectHideFlags: 0
  m_CorrespondingSourceObject: {fileID: 0}
  m_PrefabInstance: {fileID: 0}
  m_PrefabAsset: {fileID: 0}
  m_GameObject: {fileID: 6201226082763549073}
  m_LocalRotation: {x: -0, y: -0, z: -0, w: 1}
  m_LocalPosition: {x: 0, y: 4.5, z: 0}
  m_LocalScale: {x: 4, y: 3, z: 1}
  m_Children: []
  m_Father: {fileID: 3072294886038758422}
  m_RootOrder: 2
  m_LocalEulerAnglesHint: {x: 0, y: 0, z: 0}
--- !u!33 &5235000695978099521
MeshFilter:
  m_ObjectHideFlags: 0
  m_CorrespondingSourceObject: {fileID: 0}
  m_PrefabInstance: {fileID: 0}
  m_PrefabAsset: {fileID: 0}
  m_GameObject: {fileID: 6201226082763549073}
  m_Mesh: {fileID: 10210, guid: 0000000000000000e000000000000000, type: 0}
--- !u!23 &6791541314256457180
MeshRenderer:
  m_ObjectHideFlags: 0
  m_CorrespondingSourceObject: {fileID: 0}
  m_PrefabInstance: {fileID: 0}
  m_PrefabAsset: {fileID: 0}
  m_GameObject: {fileID: 6201226082763549073}
  m_Enabled: 1
  m_CastShadows: 0
  m_ReceiveShadows: 1
  m_DynamicOccludee: 1
  m_MotionVectors: 1
  m_LightProbeUsage: 1
  m_ReflectionProbeUsage: 1
  m_RayTracingMode: 2
  m_RayTraceProcedural: 0
  m_RenderingLayerMask: 1
  m_RendererPriority: 0
  m_Materials:
  - {fileID: 2100000, guid: d0e8c5262a6b88e42bde52d426124fd2, type: 2}
  m_StaticBatchInfo:
    firstSubMesh: 0
    subMeshCount: 0
  m_StaticBatchRoot: {fileID: 0}
  m_ProbeAnchor: {fileID: 0}
  m_LightProbeVolumeOverride: {fileID: 0}
  m_ScaleInLightmap: 1
  m_ReceiveGI: 1
  m_PreserveUVs: 0
  m_IgnoreNormalsForChartDetection: 0
  m_ImportantGI: 0
  m_StitchLightmapSeams: 1
  m_SelectedEditorRenderState: 3
  m_MinimumChartSize: 4
  m_AutoUVMaxDistance: 0.5
  m_AutoUVMaxAngle: 89
  m_LightmapParameters: {fileID: 0}
  m_SortingLayerID: 0
  m_SortingLayer: 0
  m_SortingOrder: 0
  m_AdditionalVertexStreams: {fileID: 0}
--- !u!1 &8216609866024291384
GameObject:
  m_ObjectHideFlags: 0
  m_CorrespondingSourceObject: {fileID: 0}
  m_PrefabInstance: {fileID: 0}
  m_PrefabAsset: {fileID: 0}
  serializedVersion: 6
  m_Component:
  - component: {fileID: 1587353671503791848}
  - component: {fileID: 4806188303747513966}
  - component: {fileID: 7342520913232332684}
  m_Layer: 0
  m_Name: Smoke Highlight
  m_TagString: Untagged
  m_Icon: {fileID: 0}
  m_NavMeshLayer: 0
  m_StaticEditorFlags: 0
  m_IsActive: 1
--- !u!4 &1587353671503791848
Transform:
  m_ObjectHideFlags: 0
  m_CorrespondingSourceObject: {fileID: 0}
  m_PrefabInstance: {fileID: 0}
  m_PrefabAsset: {fileID: 0}
  m_GameObject: {fileID: 8216609866024291384}
  m_LocalRotation: {x: -0, y: -0, z: -0, w: 1}
  m_LocalPosition: {x: 0, y: 0, z: 0}
  m_LocalScale: {x: 1, y: 1, z: 1}
  m_Children: []
  m_Father: {fileID: 829779716607673270}
  m_RootOrder: 1
  m_LocalEulerAnglesHint: {x: 0, y: 0, z: 0}
--- !u!33 &4806188303747513966
MeshFilter:
  m_ObjectHideFlags: 0
  m_CorrespondingSourceObject: {fileID: 0}
  m_PrefabInstance: {fileID: 0}
  m_PrefabAsset: {fileID: 0}
  m_GameObject: {fileID: 8216609866024291384}
  m_Mesh: {fileID: 10210, guid: 0000000000000000e000000000000000, type: 0}
--- !u!23 &7342520913232332684
MeshRenderer:
  m_ObjectHideFlags: 0
  m_CorrespondingSourceObject: {fileID: 0}
  m_PrefabInstance: {fileID: 0}
  m_PrefabAsset: {fileID: 0}
  m_GameObject: {fileID: 8216609866024291384}
  m_Enabled: 1
  m_CastShadows: 0
  m_ReceiveShadows: 1
  m_DynamicOccludee: 1
  m_MotionVectors: 1
  m_LightProbeUsage: 1
  m_ReflectionProbeUsage: 1
  m_RayTracingMode: 2
  m_RayTraceProcedural: 0
  m_RenderingLayerMask: 1
  m_RendererPriority: 0
  m_Materials:
  - {fileID: 2100000, guid: 80afc03624147e84c8726811342177a5, type: 2}
  m_StaticBatchInfo:
    firstSubMesh: 0
    subMeshCount: 0
  m_StaticBatchRoot: {fileID: 0}
  m_ProbeAnchor: {fileID: 0}
  m_LightProbeVolumeOverride: {fileID: 0}
  m_ScaleInLightmap: 1
  m_ReceiveGI: 1
  m_PreserveUVs: 0
  m_IgnoreNormalsForChartDetection: 0
  m_ImportantGI: 0
  m_StitchLightmapSeams: 1
  m_SelectedEditorRenderState: 3
  m_MinimumChartSize: 4
  m_AutoUVMaxDistance: 0.5
  m_AutoUVMaxAngle: 89
  m_LightmapParameters: {fileID: 0}
  m_SortingLayerID: 0
  m_SortingLayer: 0
  m_SortingOrder: 0
  m_AdditionalVertexStreams: {fileID: 0}
