%YAML 1.1
%TAG !u! tag:unity3d.com,2011:
--- !u!1 &3843925154849691339
GameObject:
  m_ObjectHideFlags: 0
  m_CorrespondingSourceObject: {fileID: 0}
  m_PrefabInstance: {fileID: 0}
  m_PrefabAsset: {fileID: 0}
  serializedVersion: 6
  m_Component:
  - component: {fileID: 5640144902596748863}
  - component: {fileID: 1063386853010833640}
  - component: {fileID: 4102240538504465902}
  m_Layer: 0
  m_Name: portal_out_3
  m_TagString: Untagged
  m_Icon: {fileID: 0}
  m_NavMeshLayer: 0
  m_StaticEditorFlags: 0
  m_IsActive: 1
--- !u!4 &5640144902596748863
Transform:
  m_ObjectHideFlags: 0
  m_CorrespondingSourceObject: {fileID: 0}
  m_PrefabInstance: {fileID: 0}
  m_PrefabAsset: {fileID: 0}
  m_GameObject: {fileID: 3843925154849691339}
  m_LocalRotation: {x: -0, y: -0, z: -0, w: 1}
  m_LocalPosition: {x: 0, y: 0, z: 0}
  m_LocalScale: {x: 1, y: 1, z: 1}
  m_Children:
  - {fileID: 1090873923975860316}
  m_Father: {fileID: 0}
  m_RootOrder: 0
  m_LocalEulerAnglesHint: {x: 0, y: 0, z: 0}
--- !u!212 &1063386853010833640
SpriteRenderer:
  m_ObjectHideFlags: 0
  m_CorrespondingSourceObject: {fileID: 0}
  m_PrefabInstance: {fileID: 0}
  m_PrefabAsset: {fileID: 0}
  m_GameObject: {fileID: 3843925154849691339}
  m_Enabled: 1
  m_CastShadows: 0
  m_ReceiveShadows: 0
  m_DynamicOccludee: 1
  m_MotionVectors: 1
  m_LightProbeUsage: 1
  m_ReflectionProbeUsage: 1
  m_RayTracingMode: 0
  m_RayTraceProcedural: 0
  m_RenderingLayerMask: 1
  m_RendererPriority: 0
  m_Materials:
  - {fileID: 10754, guid: 0000000000000000f000000000000000, type: 0}
  m_StaticBatchInfo:
    firstSubMesh: 0
    subMeshCount: 0
  m_StaticBatchRoot: {fileID: 0}
  m_ProbeAnchor: {fileID: 0}
  m_LightProbeVolumeOverride: {fileID: 0}
  m_ScaleInLightmap: 1
  m_ReceiveGI: 1
  m_PreserveUVs: 0
  m_IgnoreNormalsForChartDetection: 0
  m_ImportantGI: 0
  m_StitchLightmapSeams: 1
  m_SelectedEditorRenderState: 0
  m_MinimumChartSize: 4
  m_AutoUVMaxDistance: 0.5
  m_AutoUVMaxAngle: 89
  m_LightmapParameters: {fileID: 0}
  m_SortingLayerID: 1305311639
  m_SortingLayer: 0
  m_SortingOrder: 0
  m_Sprite: {fileID: 21300000, guid: 74a5638f22e8f0e4eb124ce590dd382d, type: 3}
  m_Color: {r: 1, g: 1, b: 1, a: 1}
  m_FlipX: 0
  m_FlipY: 0
  m_DrawMode: 0
  m_Size: {x: 1.7142857, y: 1.7142857}
  m_AdaptiveModeThreshold: 0.5
  m_SpriteTileMode: 0
  m_WasSpriteAssigned: 1
  m_MaskInteraction: 0
  m_SpriteSortPoint: 0
--- !u!114 &4102240538504465902
MonoBehaviour:
  m_ObjectHideFlags: 0
  m_CorrespondingSourceObject: {fileID: 0}
  m_PrefabInstance: {fileID: 0}
  m_PrefabAsset: {fileID: 0}
  m_GameObject: {fileID: 3843925154849691339}
  m_Enabled: 1
  m_EditorHideFlags: 0
  m_Script: {fileID: 11500000, guid: 420f631d6a60fd7478a59e700c7a760a, type: 3}
  m_Name: 
  m_EditorClassIdentifier: 
  anim:
    sprites:
    - {fileID: 21300000, guid: 69f3964554f9406478f7d491209c0a76, type: 3}
    - {fileID: 21300000, guid: 11ffe420684bec144acd10cd0dc1b636, type: 3}
    - {fileID: 21300000, guid: 18b02fc8b218af14084b617d86aa6a53, type: 3}
    - {fileID: 21300000, guid: c0b6bfb97aaf8d54b9c322f601ab0ff8, type: 3}
    - {fileID: 21300000, guid: 530d578a6e3237243a38f718057217bf, type: 3}
    - {fileID: 21300000, guid: a240512d064e9454d9aa11d0d218ffac, type: 3}
    - {fileID: 21300000, guid: 29f4e33296aa16f4696af03a18708c78, type: 3}
    - {fileID: 21300000, guid: 50f773e47328bf646a72f21d112a457d, type: 3}
    - {fileID: 21300000, guid: 980a6ac3ea8d62045ad4efce8297aac4, type: 3}
    - {fileID: 21300000, guid: e2d06d67ade5fec438a81417ddee6581, type: 3}
    - {fileID: 21300000, guid: 54f3ae5469908c44ebfadde3fdec592f, type: 3}
    - {fileID: 21300000, guid: ed70eb3c4f7befc44ae04689c0c50a47, type: 3}
    - {fileID: 21300000, guid: 06ff8e9153bf1db4ca672c2a3b5e952a, type: 3}
    - {fileID: 21300000, guid: 31f25e0b52f09eb4b99931a675a6d582, type: 3}
    - {fileID: 21300000, guid: 023b8c8b9f99aa946b027b17c9a9a877, type: 3}
    - {fileID: 21300000, guid: 3f110a9b7175f824b923c835fa7e2968, type: 3}
    - {fileID: 21300000, guid: 6178e3e8ad4ddcb4d8085c262a04934b, type: 3}
    - {fileID: 21300000, guid: a3ae18387688157468b4528912fd0c69, type: 3}
    - {fileID: 21300000, guid: 54f1fc43e9a317a4ea2882cac565e9ba, type: 3}
    - {fileID: 21300000, guid: 4eb2e6047c1391449b6b6b15c75634ab, type: 3}
    - {fileID: 21300000, guid: 880f4d4127b0fd64d8e22223b3be827b, type: 3}
    - {fileID: 21300000, guid: b883980320de33e4884aced6d980a4c5, type: 3}
    - {fileID: 21300000, guid: 47e08f4e84d234e4a97d81321bfb0ab7, type: 3}
    - {fileID: 21300000, guid: e91880192e36f0b4eb2fe26cc4f0d23b, type: 3}
    - {fileID: 21300000, guid: 70e471a8c1c2d6b4f8b502526390f185, type: 3}
    - {fileID: 21300000, guid: 610faeb405e69834097ee8090800b411, type: 3}
    - {fileID: 21300000, guid: 02018bb0a9e0afc4999635eb7e5374f4, type: 3}
    - {fileID: 21300000, guid: 7855285f75371844e8bef2c574a929a9, type: 3}
    - {fileID: 21300000, guid: 5bf1e22a21a4be644a30de8fb3495949, type: 3}
    - {fileID: 21300000, guid: 30f00fa5bd845e545992d9fe32c8df1d, type: 3}
    - {fileID: 21300000, guid: 2cc806db9fdf9594486d8a1789c852f2, type: 3}
    - {fileID: 21300000, guid: 6a5d9230e2c7d2c4c81732944f907958, type: 3}
    - {fileID: 21300000, guid: 69f4da9f4ef5d6946b9292922a25c625, type: 3}
    - {fileID: 21300000, guid: ac0171e1771ffcd4fbca5ba54ba334d3, type: 3}
    - {fileID: 21300000, guid: 7bce8806ad4eb4f4b9b02c74c3cbbb90, type: 3}
    - {fileID: 21300000, guid: 095f31b0ae2a8f649b87524b73150dbe, type: 3}
    - {fileID: 21300000, guid: e944776391b7d624c931a52dd2aa6e49, type: 3}
    - {fileID: 21300000, guid: ec0f8eeb3c586d04983186cd7250094f, type: 3}
    - {fileID: 0}
    fps: 30
  animated: {fileID: 6476585616777710089}
  eventTrigger: 1
--- !u!1 &4117733287707926943
GameObject:
  m_ObjectHideFlags: 0
  m_CorrespondingSourceObject: {fileID: 0}
  m_PrefabInstance: {fileID: 0}
  m_PrefabAsset: {fileID: 0}
  serializedVersion: 6
  m_Component:
  - component: {fileID: 1090873923975860316}
  - component: {fileID: 5611646306625204143}
  - component: {fileID: 6476585616777710089}
  m_Layer: 0
  m_Name: exit anim
  m_TagString: Untagged
  m_Icon: {fileID: 0}
  m_NavMeshLayer: 0
  m_StaticEditorFlags: 0
  m_IsActive: 1
--- !u!4 &1090873923975860316
Transform:
  m_ObjectHideFlags: 0
  m_CorrespondingSourceObject: {fileID: 0}
  m_PrefabInstance: {fileID: 0}
  m_PrefabAsset: {fileID: 0}
  m_GameObject: {fileID: 4117733287707926943}
  m_LocalRotation: {x: -0, y: -0, z: -0, w: 1}
  m_LocalPosition: {x: 0, y: 0, z: 0}
  m_LocalScale: {x: 1, y: 1, z: 1}
  m_Children: []
  m_Father: {fileID: 5640144902596748863}
  m_RootOrder: 0
  m_LocalEulerAnglesHint: {x: 0, y: 0, z: 0}
--- !u!212 &5611646306625204143
SpriteRenderer:
  m_ObjectHideFlags: 0
  m_CorrespondingSourceObject: {fileID: 0}
  m_PrefabInstance: {fileID: 0}
  m_PrefabAsset: {fileID: 0}
  m_GameObject: {fileID: 4117733287707926943}
  m_Enabled: 1
  m_CastShadows: 0
  m_ReceiveShadows: 0
  m_DynamicOccludee: 1
  m_MotionVectors: 1
  m_LightProbeUsage: 1
  m_ReflectionProbeUsage: 1
  m_RayTracingMode: 0
  m_RayTraceProcedural: 0
  m_RenderingLayerMask: 1
  m_RendererPriority: 0
  m_Materials:
  - {fileID: 10754, guid: 0000000000000000f000000000000000, type: 0}
  m_StaticBatchInfo:
    firstSubMesh: 0
    subMeshCount: 0
  m_StaticBatchRoot: {fileID: 0}
  m_ProbeAnchor: {fileID: 0}
  m_LightProbeVolumeOverride: {fileID: 0}
  m_ScaleInLightmap: 1
  m_ReceiveGI: 1
  m_PreserveUVs: 0
  m_IgnoreNormalsForChartDetection: 0
  m_ImportantGI: 0
  m_StitchLightmapSeams: 1
  m_SelectedEditorRenderState: 0
  m_MinimumChartSize: 4
  m_AutoUVMaxDistance: 0.5
  m_AutoUVMaxAngle: 89
  m_LightmapParameters: {fileID: 0}
  m_SortingLayerID: 0
  m_SortingLayer: 0
  m_SortingOrder: 1
  m_Sprite: {fileID: 0}
  m_Color: {r: 1, g: 1, b: 1, a: 1}
  m_FlipX: 0
  m_FlipY: 0
  m_DrawMode: 0
  m_Size: {x: 2.857143, y: 2.857143}
  m_AdaptiveModeThreshold: 0.5
  m_SpriteTileMode: 0
  m_WasSpriteAssigned: 0
  m_MaskInteraction: 0
  m_SpriteSortPoint: 0
--- !u!114 &6476585616777710089
MonoBehaviour:
  m_ObjectHideFlags: 0
  m_CorrespondingSourceObject: {fileID: 0}
  m_PrefabInstance: {fileID: 0}
  m_PrefabAsset: {fileID: 0}
  m_GameObject: {fileID: 4117733287707926943}
  m_Enabled: 1
  m_EditorHideFlags: 0
  m_Script: {fileID: 11500000, guid: a2cedcea314d944e09159c2372cec04f, type: 3}
  m_Name: 
  m_EditorClassIdentifier: 
