%YAML 1.1
%TAG !u! tag:unity3d.com,2011:
--- !u!1 &6426596818918813541
GameObject:
  m_ObjectHideFlags: 0
  m_CorrespondingSourceObject: {fileID: 0}
  m_PrefabInstance: {fileID: 0}
  m_PrefabAsset: {fileID: 0}
  serializedVersion: 6
  m_Component:
  - component: {fileID: 5201765463009421339}
  - component: {fileID: 2053061046883533894}
  - component: {fileID: 6426596818918813530}
  - component: {fileID: 1281192203303678915}
  - component: {fileID: 3011945823898560323}
  - component: {fileID: 2953368869751465531}
  m_Layer: 9
  m_Name: spring_weak_45
  m_TagString: Untagged
  m_Icon: {fileID: 0}
  m_NavMeshLayer: 0
  m_StaticEditorFlags: 0
  m_IsActive: 1
--- !u!4 &5201765463009421339
Transform:
  m_ObjectHideFlags: 0
  m_CorrespondingSourceObject: {fileID: 0}
  m_PrefabInstance: {fileID: 0}
  m_PrefabAsset: {fileID: 0}
  m_GameObject: {fileID: 6426596818918813541}
  m_LocalRotation: {x: -0, y: -0, z: -0, w: 1}
  m_LocalPosition: {x: 12.067331, y: 73.31162, z: 0}
  m_LocalScale: {x: 1, y: 1, z: 1}
  m_Children:
  - {fileID: 6183701216105181244}
  m_Father: {fileID: 0}
  m_RootOrder: 0
  m_LocalEulerAnglesHint: {x: 0, y: 0, z: 0}
--- !u!212 &2053061046883533894
SpriteRenderer:
  m_ObjectHideFlags: 0
  m_CorrespondingSourceObject: {fileID: 0}
  m_PrefabInstance: {fileID: 0}
  m_PrefabAsset: {fileID: 0}
  m_GameObject: {fileID: 6426596818918813541}
  m_Enabled: 1
  m_CastShadows: 0
  m_ReceiveShadows: 0
  m_DynamicOccludee: 1
  m_MotionVectors: 1
  m_LightProbeUsage: 1
  m_ReflectionProbeUsage: 1
  m_RayTracingMode: 0
  m_RayTraceProcedural: 0
  m_RenderingLayerMask: 1
  m_RendererPriority: 0
  m_Materials:
  - {fileID: 10754, guid: 0000000000000000f000000000000000, type: 0}
  m_StaticBatchInfo:
    firstSubMesh: 0
    subMeshCount: 0
  m_StaticBatchRoot: {fileID: 0}
  m_ProbeAnchor: {fileID: 0}
  m_LightProbeVolumeOverride: {fileID: 0}
  m_ScaleInLightmap: 1
  m_ReceiveGI: 1
  m_PreserveUVs: 0
  m_IgnoreNormalsForChartDetection: 0
  m_ImportantGI: 0
  m_StitchLightmapSeams: 1
  m_SelectedEditorRenderState: 0
  m_MinimumChartSize: 4
  m_AutoUVMaxDistance: 0.5
  m_AutoUVMaxAngle: 89
  m_LightmapParameters: {fileID: 0}
  m_SortingLayerID: 0
  m_SortingLayer: 0
  m_SortingOrder: 0
  m_Sprite: {fileID: 21300000, guid: ba19ea2b00f51d04e920c6fb73dc1652, type: 3}
  m_Color: {r: 1, g: 1, b: 1, a: 1}
  m_FlipX: 0
  m_FlipY: 0
  m_DrawMode: 0
  m_Size: {x: 32, y: 32}
  m_AdaptiveModeThreshold: 0.5
  m_SpriteTileMode: 0
  m_WasSpriteAssigned: 1
  m_MaskInteraction: 0
  m_SpriteSortPoint: 0
--- !u!114 &6426596818918813530
MonoBehaviour:
  m_ObjectHideFlags: 0
  m_CorrespondingSourceObject: {fileID: 0}
  m_PrefabInstance: {fileID: 0}
  m_PrefabAsset: {fileID: 0}
  m_GameObject: {fileID: 6426596818918813541}
  m_Enabled: 1
  m_EditorHideFlags: 0
  m_Script: {fileID: 11500000, guid: 1ed4041e4429b2e4ab5f0f86313e21bf, type: 3}
  m_Name: 
  m_EditorClassIdentifier: 
  spriteRenderer: {fileID: 2053061046883533894}
  anim: {fileID: 2953368869751465531}
  animAnim:
    sprites:
    - {fileID: 21300000, guid: ba19ea2b00f51d04e920c6fb73dc1652, type: 3}
    - {fileID: 21300000, guid: 6d3d2aea2a7fea94e8173f8ac399fc50, type: 3}
    - {fileID: 21300000, guid: 036431663c44328499ce5e32efa30bbf, type: 3}
    - {fileID: 21300000, guid: 41a08447d6ce06d4a9c9a43b6e09cc4a, type: 3}
    - {fileID: 21300000, guid: d466869589027bd45ae4597797dd0d34, type: 3}
    - {fileID: 21300000, guid: 3be5678224a20d0449a83552d8786268, type: 3}
    - {fileID: 21300000, guid: 2b90c0df81ec0934ba6aa47469a23b8d, type: 3}
    - {fileID: 21300000, guid: 2d491a43d2fcfdf43b6ef44d3b02f811, type: 3}
    - {fileID: 21300000, guid: 3ce4f56daa409624cb08105d7bc4a45f, type: 3}
    - {fileID: 21300000, guid: fa006cade357e4a4b99fe9c270696d1d, type: 3}
    - {fileID: 21300000, guid: 090a953d507615c47ba3dec1ad04fa26, type: 3}
    - {fileID: 21300000, guid: a474614c8e772e34abff9aa9650a30c0, type: 3}
    - {fileID: 21300000, guid: a7674448fb76e8e4fabb41efbbcbc234, type: 3}
    - {fileID: 21300000, guid: d5bede80b7d2cba42bcd3c37c588e3d0, type: 3}
    - {fileID: 21300000, guid: 24176e383ea586f4a95c579b50b6c485, type: 3}
    - {fileID: 21300000, guid: 302d725f881dd5d458ea60f9d20de775, type: 3}
    - {fileID: 21300000, guid: 84a025780a0640243ab1b3805c8c37aa, type: 3}
    fps: 30
  direction: {x: 0.7, y: 0.7}
  power: 364
--- !u!50 &1281192203303678915
Rigidbody2D:
  serializedVersion: 4
  m_ObjectHideFlags: 0
  m_CorrespondingSourceObject: {fileID: 0}
  m_PrefabInstance: {fileID: 0}
  m_PrefabAsset: {fileID: 0}
  m_GameObject: {fileID: 6426596818918813541}
  m_BodyType: 2
  m_Simulated: 1
  m_UseFullKinematicContacts: 0
  m_UseAutoMass: 0
  m_Mass: 1
  m_LinearDrag: 0
  m_AngularDrag: 0.05
  m_GravityScale: 1
  m_Material: {fileID: 0}
  m_Interpolate: 0
  m_SleepingMode: 1
  m_CollisionDetection: 0
  m_Constraints: 0
--- !u!60 &3011945823898560323
PolygonCollider2D:
  m_ObjectHideFlags: 0
  m_CorrespondingSourceObject: {fileID: 0}
  m_PrefabInstance: {fileID: 0}
  m_PrefabAsset: {fileID: 0}
  m_GameObject: {fileID: 6426596818918813541}
  m_Enabled: 1
  m_Density: 1
  m_Material: {fileID: 6200000, guid: cb93586c7fb6e204382db7ccf4046423, type: 2}
  m_IsTrigger: 0
  m_UsedByEffector: 0
  m_UsedByComposite: 0
  m_Offset: {x: 0, y: 0}
  m_SpriteTilingProperty:
    border: {x: 0, y: 0, z: 0, w: 0}
    pivot: {x: 0, y: 0}
    oldSize: {x: 4.4444447, y: 4.411111}
    newSize: {x: 32, y: 32}
    adaptiveTilingThreshold: 0.5
    drawMode: 0
    adaptiveTiling: 0
  m_AutoTiling: 0
  m_Points:
    m_Paths:
    - - {x: 0, y: 0}
      - {x: 1, y: 0}
      - {x: 0, y: 1}
--- !u!114 &2953368869751465531
MonoBehaviour:
  m_ObjectHideFlags: 0
  m_CorrespondingSourceObject: {fileID: 0}
  m_PrefabInstance: {fileID: 0}
  m_PrefabAsset: {fileID: 0}
  m_GameObject: {fileID: 6426596818918813541}
  m_Enabled: 1
  m_EditorHideFlags: 0
  m_Script: {fileID: 11500000, guid: a2cedcea314d944e09159c2372cec04f, type: 3}
  m_Name: 
  m_EditorClassIdentifier: 
--- !u!1 &8522001064773982436
GameObject:
  m_ObjectHideFlags: 0
  m_CorrespondingSourceObject: {fileID: 0}
  m_PrefabInstance: {fileID: 0}
  m_PrefabAsset: {fileID: 0}
  serializedVersion: 6
  m_Component:
  - component: {fileID: 6183701216105181244}
  - component: {fileID: 4270053428146340262}
  m_Layer: 8
  m_Name: trigger
  m_TagString: Untagged
  m_Icon: {fileID: 0}
  m_NavMeshLayer: 0
  m_StaticEditorFlags: 0
  m_IsActive: 1
--- !u!4 &6183701216105181244
Transform:
  m_ObjectHideFlags: 0
  m_CorrespondingSourceObject: {fileID: 0}
  m_PrefabInstance: {fileID: 0}
  m_PrefabAsset: {fileID: 0}
  m_GameObject: {fileID: 8522001064773982436}
  m_LocalRotation: {x: 0, y: 0, z: 0, w: 1}
  m_LocalPosition: {x: 0, y: 0, z: 0}
  m_LocalScale: {x: 1, y: 1, z: 1}
  m_Children: []
  m_Father: {fileID: 5201765463009421339}
  m_RootOrder: 0
  m_LocalEulerAnglesHint: {x: 0, y: 0, z: 0}
--- !u!60 &4270053428146340262
PolygonCollider2D:
  m_ObjectHideFlags: 0
  m_CorrespondingSourceObject: {fileID: 0}
  m_PrefabInstance: {fileID: 0}
  m_PrefabAsset: {fileID: 0}
  m_GameObject: {fileID: 8522001064773982436}
  m_Enabled: 1
  m_Density: 1
  m_Material: {fileID: 0}
  m_IsTrigger: 1
  m_UsedByEffector: 0
  m_UsedByComposite: 0
  m_Offset: {x: 0, y: 0}
  m_SpriteTilingProperty:
    border: {x: 0, y: 0, z: 0, w: 0}
    pivot: {x: 0, y: 0}
    oldSize: {x: 0, y: 0}
    newSize: {x: 0, y: 0}
    adaptiveTilingThreshold: 0
    drawMode: 0
    adaptiveTiling: 0
  m_AutoTiling: 0
  m_Points:
    m_Paths:
    - - {x: 0.500463, y: 1.8944836}
      - {x: 0.16235113, y: 1.5441915}
      - {x: 0.09757084, y: 0.9554158}
      - {x: 0.92959607, y: 0.11315286}
      - {x: 1.561832, y: 0.18604657}
      - {x: 1.8758329, y: 0.5098562}
