%YAML 1.1
%TAG !u! tag:unity3d.com,2011:
--- !u!1 &184298281
GameObject:
  m_ObjectHideFlags: 0
  m_CorrespondingSourceObject: {fileID: 0}
  m_PrefabInstance: {fileID: 0}
  m_PrefabAsset: {fileID: 0}
  serializedVersion: 6
  m_Component:
  - component: {fileID: 184298282}
  - component: {fileID: 184298283}
  m_Layer: 0
  m_Name: Rope Mask
  m_TagString: Untagged
  m_Icon: {fileID: 0}
  m_NavMeshLayer: 0
  m_StaticEditorFlags: 0
  m_IsActive: 1
--- !u!4 &184298282
Transform:
  m_ObjectHideFlags: 0
  m_CorrespondingSourceObject: {fileID: 0}
  m_PrefabInstance: {fileID: 0}
  m_PrefabAsset: {fileID: 0}
  m_GameObject: {fileID: 184298281}
  m_LocalRotation: {x: -0, y: -0, z: -0, w: 1}
  m_LocalPosition: {x: 0, y: 7.58, z: 0}
  m_LocalScale: {x: 1, y: 1.15, z: 1}
  m_Children: []
  m_Father: {fileID: 253936141621666504}
  m_RootOrder: 0
  m_LocalEulerAnglesHint: {x: 0, y: 0, z: 0}
--- !u!331 &184298283
SpriteMask:
  m_ObjectHideFlags: 0
  m_CorrespondingSourceObject: {fileID: 0}
  m_PrefabInstance: {fileID: 0}
  m_PrefabAsset: {fileID: 0}
  m_GameObject: {fileID: 184298281}
  m_Enabled: 1
  m_CastShadows: 1
  m_ReceiveShadows: 1
  m_DynamicOccludee: 1
  m_MotionVectors: 1
  m_LightProbeUsage: 1
  m_ReflectionProbeUsage: 1
  m_RayTracingMode: 0
  m_RayTraceProcedural: 0
  m_RenderingLayerMask: 1
  m_RendererPriority: 0
  m_Materials:
  - {fileID: 10758, guid: 0000000000000000f000000000000000, type: 0}
  m_StaticBatchInfo:
    firstSubMesh: 0
    subMeshCount: 0
  m_StaticBatchRoot: {fileID: 0}
  m_ProbeAnchor: {fileID: 0}
  m_LightProbeVolumeOverride: {fileID: 0}
  m_ScaleInLightmap: 1
  m_ReceiveGI: 1
  m_PreserveUVs: 0
  m_IgnoreNormalsForChartDetection: 0
  m_ImportantGI: 0
  m_StitchLightmapSeams: 1
  m_SelectedEditorRenderState: 3
  m_MinimumChartSize: 4
  m_AutoUVMaxDistance: 0.5
  m_AutoUVMaxAngle: 89
  m_LightmapParameters: {fileID: 0}
  m_SortingLayerID: 0
  m_SortingLayer: 0
  m_SortingOrder: 0
  m_Sprite: {fileID: 21300000, guid: f78e8a4123f714b4aae33cfbb85e1882, type: 3}
  m_MaskAlphaCutoff: 0.2
  m_FrontSortingLayerID: 0
  m_BackSortingLayerID: 0
  m_FrontSortingLayer: 0
  m_BackSortingLayer: 0
  m_FrontSortingOrder: 0
  m_BackSortingOrder: 0
  m_IsCustomRangeActive: 0
  m_SpriteSortPoint: 0
--- !u!1 &761168031
GameObject:
  m_ObjectHideFlags: 0
  m_CorrespondingSourceObject: {fileID: 0}
  m_PrefabInstance: {fileID: 0}
  m_PrefabAsset: {fileID: 0}
  serializedVersion: 6
  m_Component:
  - component: {fileID: 761168032}
  m_Layer: 0
  m_Name: Rope Parent
  m_TagString: Untagged
  m_Icon: {fileID: 0}
  m_NavMeshLayer: 0
  m_StaticEditorFlags: 0
  m_IsActive: 1
--- !u!4 &761168032
Transform:
  m_ObjectHideFlags: 0
  m_CorrespondingSourceObject: {fileID: 0}
  m_PrefabInstance: {fileID: 0}
  m_PrefabAsset: {fileID: 0}
  m_GameObject: {fileID: 761168031}
  m_LocalRotation: {x: -0, y: -0, z: -0, w: 1}
  m_LocalPosition: {x: 0, y: 4.3, z: 0}
  m_LocalScale: {x: 1, y: 1, z: 1}
  m_Children:
  - {fileID: 349522692}
  m_Father: {fileID: 253936141621666504}
  m_RootOrder: 1
  m_LocalEulerAnglesHint: {x: 0, y: 0, z: 0}
--- !u!1 &2142210615
GameObject:
  m_ObjectHideFlags: 0
  m_CorrespondingSourceObject: {fileID: 0}
  m_PrefabInstance: {fileID: 0}
  m_PrefabAsset: {fileID: 0}
  serializedVersion: 6
  m_Component:
  - component: {fileID: 2142210616}
  - component: {fileID: 2142210617}
  - component: {fileID: 1989329447741210158}
  m_Layer: 0
  m_Name: Blade
  m_TagString: Untagged
  m_Icon: {fileID: 0}
  m_NavMeshLayer: 0
  m_StaticEditorFlags: 0
  m_IsActive: 1
--- !u!4 &2142210616
Transform:
  m_ObjectHideFlags: 0
  m_CorrespondingSourceObject: {fileID: 0}
  m_PrefabInstance: {fileID: 0}
  m_PrefabAsset: {fileID: 0}
  m_GameObject: {fileID: 2142210615}
  m_LocalRotation: {x: 0, y: 0, z: 0, w: 1}
  m_LocalPosition: {x: 0, y: -1.92, z: 0}
  m_LocalScale: {x: 1, y: 1, z: 1}
  m_Children:
  - {fileID: 8828937536771949456}
  m_Father: {fileID: 6019632947356741515}
  m_RootOrder: 0
  m_LocalEulerAnglesHint: {x: 0, y: 0, z: 0}
--- !u!212 &2142210617
SpriteRenderer:
  m_ObjectHideFlags: 0
  m_CorrespondingSourceObject: {fileID: 0}
  m_PrefabInstance: {fileID: 0}
  m_PrefabAsset: {fileID: 0}
  m_GameObject: {fileID: 2142210615}
  m_Enabled: 1
  m_CastShadows: 0
  m_ReceiveShadows: 0
  m_DynamicOccludee: 1
  m_MotionVectors: 1
  m_LightProbeUsage: 1
  m_ReflectionProbeUsage: 1
  m_RayTracingMode: 0
  m_RayTraceProcedural: 0
  m_RenderingLayerMask: 1
  m_RendererPriority: 0
  m_Materials:
  - {fileID: 10754, guid: 0000000000000000f000000000000000, type: 0}
  m_StaticBatchInfo:
    firstSubMesh: 0
    subMeshCount: 0
  m_StaticBatchRoot: {fileID: 0}
  m_ProbeAnchor: {fileID: 0}
  m_LightProbeVolumeOverride: {fileID: 0}
  m_ScaleInLightmap: 1
  m_ReceiveGI: 1
  m_PreserveUVs: 0
  m_IgnoreNormalsForChartDetection: 0
  m_ImportantGI: 0
  m_StitchLightmapSeams: 1
  m_SelectedEditorRenderState: 0
  m_MinimumChartSize: 4
  m_AutoUVMaxDistance: 0.5
  m_AutoUVMaxAngle: 89
  m_LightmapParameters: {fileID: 0}
  m_SortingLayerID: 292889435
  m_SortingLayer: -22
  m_SortingOrder: 6
  m_Sprite: {fileID: 21300000, guid: 885f3bc8e3ebc8349815358bba53d34c, type: 3}
  m_Color: {r: 1, g: 1, b: 1, a: 1}
  m_FlipX: 0
  m_FlipY: 0
  m_DrawMode: 0
  m_Size: {x: 2.3142858, y: 4.3714285}
  m_AdaptiveModeThreshold: 0.5
  m_SpriteTileMode: 0
  m_WasSpriteAssigned: 1
  m_MaskInteraction: 0
  m_SpriteSortPoint: 0
--- !u!114 &1989329447741210158
MonoBehaviour:
  m_ObjectHideFlags: 0
  m_CorrespondingSourceObject: {fileID: 0}
  m_PrefabInstance: {fileID: 0}
  m_PrefabAsset: {fileID: 0}
  m_GameObject: {fileID: 2142210615}
  m_Enabled: 1
  m_EditorHideFlags: 0
  m_Script: {fileID: 11500000, guid: a2cedcea314d944e09159c2372cec04f, type: 3}
  m_Name: 
  m_EditorClassIdentifier: 
--- !u!1 &695077823165887906
GameObject:
  m_ObjectHideFlags: 0
  m_CorrespondingSourceObject: {fileID: 0}
  m_PrefabInstance: {fileID: 0}
  m_PrefabAsset: {fileID: 0}
  serializedVersion: 6
  m_Component:
  - component: {fileID: 6019632947356741515}
  - component: {fileID: 2380308345626581408}
  m_Layer: 0
  m_Name: Guillotine Without Frame
  m_TagString: Untagged
  m_Icon: {fileID: 0}
  m_NavMeshLayer: 0
  m_StaticEditorFlags: 0
  m_IsActive: 1
--- !u!4 &6019632947356741515
Transform:
  m_ObjectHideFlags: 0
  m_CorrespondingSourceObject: {fileID: 0}
  m_PrefabInstance: {fileID: 0}
  m_PrefabAsset: {fileID: 0}
  m_GameObject: {fileID: 695077823165887906}
  m_LocalRotation: {x: 0, y: 0, z: 0, w: 1}
  m_LocalPosition: {x: 0, y: 0, z: 0}
  m_LocalScale: {x: 1, y: 1, z: 1}
  m_Children:
  - {fileID: 2142210616}
  - {fileID: 253936141621666504}
  m_Father: {fileID: 0}
  m_RootOrder: 0
  m_LocalEulerAnglesHint: {x: 0, y: 0, z: 0}
--- !u!114 &2380308345626581408
MonoBehaviour:
  m_ObjectHideFlags: 0
  m_CorrespondingSourceObject: {fileID: 0}
  m_PrefabInstance: {fileID: 0}
  m_PrefabAsset: {fileID: 0}
  m_GameObject: {fileID: 695077823165887906}
  m_Enabled: 1
  m_EditorHideFlags: 0
  m_Script: {fileID: 11500000, guid: b431d87533302416d89d1586bb73b649, type: 3}
  m_Name: 
  m_EditorClassIdentifier: 
  postsParentTransform: {fileID: 253936141621666504}
  ropeParentTransform: {fileID: 761168032}
  firstRopeAnimated: {fileID: 40146337884167968}
  ropeSegmentPrefab: {fileID: 6281004109741295658, guid: 5b47993a594bac34ea96ea0c3ccffb46,
    type: 3}
  extensionParentTransform: {fileID: 0}
  extensionSegmentPrefab: {fileID: 3387189294073176294, guid: bc00709020542fc4a8f5a14e7d059b4f,
    type: 3}
  bottomTransform: {fileID: 0}
  sparkleParticlesParent: {fileID: 8828937536771949456}
  sparklePositions:
  - {fileID: 7234017049577899972}
  - {fileID: 1208352147930609757}
  - {fileID: 6278145921090522925}
  - {fileID: 9099638945887514155}
  bladeAnimated: {fileID: 1989329447741210158}
  bladeIdleAnimation:
    sprites:
    - {fileID: 21300000, guid: 885f3bc8e3ebc8349815358bba53d34c, type: 3}
    fps: 30
  bladeShineAnimation:
    sprites:
    - {fileID: 21300000, guid: b5a8e828c5494fe4ca647cfd6ca41062, type: 3}
    - {fileID: 21300000, guid: b915175d90f4ca4418ef05bd7563b412, type: 3}
    - {fileID: 21300000, guid: 7e29ea5eb38af4f42864465e4e229631, type: 3}
    - {fileID: 21300000, guid: e8ed36b2af715bd43bfa73333a3f8961, type: 3}
    - {fileID: 21300000, guid: fe8d753acd2273846beb0cf76eb50326, type: 3}
    - {fileID: 21300000, guid: dbd050d921eee094b870b42396f74e8d, type: 3}
    - {fileID: 21300000, guid: 8d32a7ab3defbfb4a8755fbee72c0039, type: 3}
    - {fileID: 21300000, guid: d5db93f2eb1414b45b62b7d18ae6f3af, type: 3}
    - {fileID: 21300000, guid: 88791d78477b62149b07bda6e70dc018, type: 3}
    - {fileID: 21300000, guid: 9979eaa66e527644b81e4dd8cc3c4fd6, type: 3}
    fps: 30
  ropeTautAnimation:
    sprites:
    - {fileID: 21300000, guid: 90619c2a3b5f9774699dc6fb4b06c2ff, type: 3}
    fps: 30
  ropeDropAnimation:
    sprites:
    - {fileID: 21300000, guid: 0e6f3311b15a94041ad19bca7916a229, type: 3}
    - {fileID: 21300000, guid: a95af07f91c71f0439eced2c17ce4de7, type: 3}
    - {fileID: 21300000, guid: 63b923c88f8deee4dba713c1bc255577, type: 3}
    - {fileID: 21300000, guid: efa1ba73e21080c4baa7979f5922ce57, type: 3}
    - {fileID: 21300000, guid: cd9eaa1bfccd2e24081085a72fdc3642, type: 3}
    - {fileID: 21300000, guid: 61eeec8c08d581c40b7c054f1890e546, type: 3}
    fps: 20
  sparkleAnimation:
    sprites:
    - {fileID: 21300000, guid: 0fd86bcc15c691041b01f6638f2bb6a4, type: 3}
    - {fileID: 21300000, guid: a4e3e9eabf368af48a5a14a400a3c0f9, type: 3}
    - {fileID: 21300000, guid: c17c7cb80907ac44a85b2ca7587261e1, type: 3}
    - {fileID: 21300000, guid: 64a6d8c52425ac24388a043a26fe3556, type: 3}
    - {fileID: 21300000, guid: 415ee88b49a1b864689dcbd38c648e48, type: 3}
    fps: 30
--- !u!1 &1063599574650429604
GameObject:
  m_ObjectHideFlags: 0
  m_CorrespondingSourceObject: {fileID: 0}
  m_PrefabInstance: {fileID: 0}
  m_PrefabAsset: {fileID: 0}
  serializedVersion: 6
  m_Component:
  - component: {fileID: 1208352147930609757}
  m_Layer: 0
  m_Name: Sparkle Position (2)
  m_TagString: Untagged
  m_Icon: {fileID: 0}
  m_NavMeshLayer: 0
  m_StaticEditorFlags: 0
  m_IsActive: 1
--- !u!4 &1208352147930609757
Transform:
  m_ObjectHideFlags: 0
  m_CorrespondingSourceObject: {fileID: 0}
  m_PrefabInstance: {fileID: 0}
  m_PrefabAsset: {fileID: 0}
  m_GameObject: {fileID: 1063599574650429604}
  m_LocalRotation: {x: -0, y: -0, z: -0, w: 1}
  m_LocalPosition: {x: -0.609, y: -1.318, z: 0}
  m_LocalScale: {x: 1, y: 1, z: 1}
  m_Children: []
  m_Father: {fileID: 8828937536771949456}
  m_RootOrder: 1
  m_LocalEulerAnglesHint: {x: 0, y: 0, z: 0}
--- !u!1 &2448903799369330068
GameObject:
  m_ObjectHideFlags: 0
  m_CorrespondingSourceObject: {fileID: 0}
  m_PrefabInstance: {fileID: 0}
  m_PrefabAsset: {fileID: 0}
  serializedVersion: 6
  m_Component:
  - component: {fileID: 8828937536771949456}
  m_Layer: 0
  m_Name: Sparkle Positions
  m_TagString: Untagged
  m_Icon: {fileID: 0}
  m_NavMeshLayer: 0
  m_StaticEditorFlags: 0
  m_IsActive: 1
--- !u!4 &8828937536771949456
Transform:
  m_ObjectHideFlags: 0
  m_CorrespondingSourceObject: {fileID: 0}
  m_PrefabInstance: {fileID: 0}
  m_PrefabAsset: {fileID: 0}
  m_GameObject: {fileID: 2448903799369330068}
  m_LocalRotation: {x: 0, y: 0, z: 0, w: 1}
  m_LocalPosition: {x: 0, y: 0, z: 0}
  m_LocalScale: {x: 1, y: 1, z: 1}
  m_Children:
  - {fileID: 7234017049577899972}
  - {fileID: 1208352147930609757}
  - {fileID: 6278145921090522925}
  - {fileID: 9099638945887514155}
  m_Father: {fileID: 2142210616}
  m_RootOrder: 0
  m_LocalEulerAnglesHint: {x: 0, y: 0, z: 0}
--- !u!1 &5383527914713183605
GameObject:
  m_ObjectHideFlags: 0
  m_CorrespondingSourceObject: {fileID: 0}
  m_PrefabInstance: {fileID: 0}
  m_PrefabAsset: {fileID: 0}
  serializedVersion: 6
  m_Component:
  - component: {fileID: 7234017049577899972}
  m_Layer: 0
  m_Name: Sparkle Position (1)
  m_TagString: Untagged
  m_Icon: {fileID: 0}
  m_NavMeshLayer: 0
  m_StaticEditorFlags: 0
  m_IsActive: 1
--- !u!4 &7234017049577899972
Transform:
  m_ObjectHideFlags: 0
  m_CorrespondingSourceObject: {fileID: 0}
  m_PrefabInstance: {fileID: 0}
  m_PrefabAsset: {fileID: 0}
  m_GameObject: {fileID: 5383527914713183605}
  m_LocalRotation: {x: -0, y: -0, z: -0, w: 1}
  m_LocalPosition: {x: -1.373, y: -0.918, z: 0}
  m_LocalScale: {x: 1, y: 1, z: 1}
  m_Children: []
  m_Father: {fileID: 8828937536771949456}
  m_RootOrder: 0
  m_LocalEulerAnglesHint: {x: 0, y: 0, z: 0}
--- !u!1 &6271856848230709708
GameObject:
  m_ObjectHideFlags: 0
  m_CorrespondingSourceObject: {fileID: 0}
  m_PrefabInstance: {fileID: 0}
  m_PrefabAsset: {fileID: 0}
  serializedVersion: 6
  m_Component:
  - component: {fileID: 253936141621666504}
  - component: {fileID: 3250039709328428349}
  m_Layer: 0
  m_Name: Guillotine Posts
  m_TagString: Untagged
  m_Icon: {fileID: 0}
  m_NavMeshLayer: 0
  m_StaticEditorFlags: 0
  m_IsActive: 1
--- !u!4 &253936141621666504
Transform:
  m_ObjectHideFlags: 0
  m_CorrespondingSourceObject: {fileID: 0}
  m_PrefabInstance: {fileID: 0}
  m_PrefabAsset: {fileID: 0}
  m_GameObject: {fileID: 6271856848230709708}
  m_LocalRotation: {x: 0, y: 0, z: 0, w: 1}
  m_LocalPosition: {x: 0, y: -2.42, z: 0}
  m_LocalScale: {x: 1, y: 1, z: 1}
  m_Children:
  - {fileID: 184298282}
  - {fileID: 761168032}
  m_Father: {fileID: 6019632947356741515}
  m_RootOrder: 1
  m_LocalEulerAnglesHint: {x: 0, y: 0, z: 0}
--- !u!210 &3250039709328428349
SortingGroup:
  m_ObjectHideFlags: 0
  m_CorrespondingSourceObject: {fileID: 0}
  m_PrefabInstance: {fileID: 0}
  m_PrefabAsset: {fileID: 0}
  m_GameObject: {fileID: 6271856848230709708}
  m_Enabled: 1
  m_SortingLayerID: 292889435
  m_SortingLayer: -22
  m_SortingOrder: 0
--- !u!1 &6841696687703094000
GameObject:
  m_ObjectHideFlags: 0
  m_CorrespondingSourceObject: {fileID: 0}
  m_PrefabInstance: {fileID: 0}
  m_PrefabAsset: {fileID: 0}
  serializedVersion: 6
  m_Component:
  - component: {fileID: 6278145921090522925}
  m_Layer: 0
  m_Name: Sparkle Position (3)
  m_TagString: Untagged
  m_Icon: {fileID: 0}
  m_NavMeshLayer: 0
  m_StaticEditorFlags: 0
  m_IsActive: 1
--- !u!4 &6278145921090522925
Transform:
  m_ObjectHideFlags: 0
  m_CorrespondingSourceObject: {fileID: 0}
  m_PrefabInstance: {fileID: 0}
  m_PrefabAsset: {fileID: 0}
  m_GameObject: {fileID: 6841696687703094000}
  m_LocalRotation: {x: -0, y: -0, z: -0, w: 1}
  m_LocalPosition: {x: 0.527, y: -1.873, z: 0}
  m_LocalScale: {x: 1, y: 1, z: 1}
  m_Children: []
  m_Father: {fileID: 8828937536771949456}
  m_RootOrder: 2
  m_LocalEulerAnglesHint: {x: 0, y: 0, z: 0}
--- !u!1 &7449221441187933311
GameObject:
  m_ObjectHideFlags: 0
  m_CorrespondingSourceObject: {fileID: 0}
  m_PrefabInstance: {fileID: 0}
  m_PrefabAsset: {fileID: 0}
  serializedVersion: 6
  m_Component:
  - component: {fileID: 9099638945887514155}
  m_Layer: 0
  m_Name: Sparkle Position (4)
  m_TagString: Untagged
  m_Icon: {fileID: 0}
  m_NavMeshLayer: 0
  m_StaticEditorFlags: 0
  m_IsActive: 1
--- !u!4 &9099638945887514155
Transform:
  m_ObjectHideFlags: 0
  m_CorrespondingSourceObject: {fileID: 0}
  m_PrefabInstance: {fileID: 0}
  m_PrefabAsset: {fileID: 0}
  m_GameObject: {fileID: 7449221441187933311}
  m_LocalRotation: {x: -0, y: -0, z: -0, w: 1}
  m_LocalPosition: {x: 1.363, y: -2.3, z: 0}
  m_LocalScale: {x: 1, y: 1, z: 1}
  m_Children: []
  m_Father: {fileID: 8828937536771949456}
  m_RootOrder: 3
  m_LocalEulerAnglesHint: {x: 0, y: 0, z: 0}
--- !u!1001 &6281004110065124141
PrefabInstance:
  m_ObjectHideFlags: 0
  serializedVersion: 2
  m_Modification:
    m_TransformParent: {fileID: 761168032}
    m_Modifications:
    - target: {fileID: 6281004109741295657, guid: 5b47993a594bac34ea96ea0c3ccffb46,
        type: 3}
      propertyPath: m_RootOrder
      value: 0
      objectReference: {fileID: 0}
    - target: {fileID: 6281004109741295657, guid: 5b47993a594bac34ea96ea0c3ccffb46,
        type: 3}
      propertyPath: m_LocalPosition.x
      value: 0
      objectReference: {fileID: 0}
    - target: {fileID: 6281004109741295657, guid: 5b47993a594bac34ea96ea0c3ccffb46,
        type: 3}
      propertyPath: m_LocalPosition.y
      value: 0
      objectReference: {fileID: 0}
    - target: {fileID: 6281004109741295657, guid: 5b47993a594bac34ea96ea0c3ccffb46,
        type: 3}
      propertyPath: m_LocalPosition.z
      value: 0
      objectReference: {fileID: 0}
    - target: {fileID: 6281004109741295657, guid: 5b47993a594bac34ea96ea0c3ccffb46,
        type: 3}
      propertyPath: m_LocalRotation.w
      value: 1
      objectReference: {fileID: 0}
    - target: {fileID: 6281004109741295657, guid: 5b47993a594bac34ea96ea0c3ccffb46,
        type: 3}
      propertyPath: m_LocalRotation.x
      value: -0
      objectReference: {fileID: 0}
    - target: {fileID: 6281004109741295657, guid: 5b47993a594bac34ea96ea0c3ccffb46,
        type: 3}
      propertyPath: m_LocalRotation.y
      value: -0
      objectReference: {fileID: 0}
    - target: {fileID: 6281004109741295657, guid: 5b47993a594bac34ea96ea0c3ccffb46,
        type: 3}
      propertyPath: m_LocalRotation.z
      value: -0
      objectReference: {fileID: 0}
    - target: {fileID: 6281004109741295657, guid: 5b47993a594bac34ea96ea0c3ccffb46,
        type: 3}
      propertyPath: m_LocalEulerAnglesHint.x
      value: 0
      objectReference: {fileID: 0}
    - target: {fileID: 6281004109741295657, guid: 5b47993a594bac34ea96ea0c3ccffb46,
        type: 3}
      propertyPath: m_LocalEulerAnglesHint.y
      value: 0
      objectReference: {fileID: 0}
    - target: {fileID: 6281004109741295657, guid: 5b47993a594bac34ea96ea0c3ccffb46,
        type: 3}
      propertyPath: m_LocalEulerAnglesHint.z
      value: 0
      objectReference: {fileID: 0}
    - target: {fileID: 6281004109741295658, guid: 5b47993a594bac34ea96ea0c3ccffb46,
        type: 3}
      propertyPath: m_Name
      value: Rope Segment
      objectReference: {fileID: 0}
    m_RemovedComponents: []
  m_SourcePrefab: {fileID: 100100000, guid: 5b47993a594bac34ea96ea0c3ccffb46, type: 3}
--- !u!4 &349522692 stripped
Transform:
  m_CorrespondingSourceObject: {fileID: 6281004109741295657, guid: 5b47993a594bac34ea96ea0c3ccffb46,
    type: 3}
  m_PrefabInstance: {fileID: 6281004110065124141}
  m_PrefabAsset: {fileID: 0}
--- !u!114 &40146337884167968 stripped
MonoBehaviour:
  m_CorrespondingSourceObject: {fileID: 6315237534795111437, guid: 5b47993a594bac34ea96ea0c3ccffb46,
    type: 3}
  m_PrefabInstance: {fileID: 6281004110065124141}
  m_PrefabAsset: {fileID: 0}
  m_GameObject: {fileID: 0}
  m_Enabled: 1
  m_EditorHideFlags: 0
  m_Script: {fileID: 11500000, guid: a2cedcea314d944e09159c2372cec04f, type: 3}
  m_Name: 
  m_EditorClassIdentifier: 
