%YAML 1.1
%TAG !u! tag:unity3d.com,2011:
--- !u!1 &224097315682540178
GameObject:
  m_ObjectHideFlags: 0
  m_CorrespondingSourceObject: {fileID: 0}
  m_PrefabInstance: {fileID: 0}
  m_PrefabAsset: {fileID: 0}
  serializedVersion: 6
  m_Component:
  - component: {fileID: 224097315682540179}
  - component: {fileID: 224097315682540188}
  - component: {fileID: 1052041160600046850}
  m_Layer: 0
  m_Name: Icon
  m_TagString: Untagged
  m_Icon: {fileID: 0}
  m_NavMeshLayer: 0
  m_StaticEditorFlags: 0
  m_IsActive: 1
--- !u!4 &224097315682540179
Transform:
  m_ObjectHideFlags: 0
  m_CorrespondingSourceObject: {fileID: 0}
  m_PrefabInstance: {fileID: 0}
  m_PrefabAsset: {fileID: 0}
  m_GameObject: {fileID: 224097315682540178}
  m_LocalRotation: {x: -0, y: -0, z: -0, w: 1}
  m_LocalPosition: {x: 0.12, y: 0, z: 0}
  m_LocalScale: {x: 1, y: 1, z: 1}
  m_Children: []
  m_Father: {fileID: 8543464153960054518}
  m_RootOrder: 0
  m_LocalEulerAnglesHint: {x: 0, y: 0, z: 0}
--- !u!212 &224097315682540188
SpriteRenderer:
  m_ObjectHideFlags: 0
  m_CorrespondingSourceObject: {fileID: 0}
  m_PrefabInstance: {fileID: 0}
  m_PrefabAsset: {fileID: 0}
  m_GameObject: {fileID: 224097315682540178}
  m_Enabled: 1
  m_CastShadows: 0
  m_ReceiveShadows: 0
  m_DynamicOccludee: 1
  m_MotionVectors: 1
  m_LightProbeUsage: 1
  m_ReflectionProbeUsage: 1
  m_RayTracingMode: 0
  m_RayTraceProcedural: 0
  m_RenderingLayerMask: 1
  m_RendererPriority: 0
  m_Materials:
  - {fileID: 10754, guid: 0000000000000000f000000000000000, type: 0}
  m_StaticBatchInfo:
    firstSubMesh: 0
    subMeshCount: 0
  m_StaticBatchRoot: {fileID: 0}
  m_ProbeAnchor: {fileID: 0}
  m_LightProbeVolumeOverride: {fileID: 0}
  m_ScaleInLightmap: 1
  m_ReceiveGI: 1
  m_PreserveUVs: 0
  m_IgnoreNormalsForChartDetection: 0
  m_ImportantGI: 0
  m_StitchLightmapSeams: 1
  m_SelectedEditorRenderState: 0
  m_MinimumChartSize: 4
  m_AutoUVMaxDistance: 0.5
  m_AutoUVMaxAngle: 89
  m_LightmapParameters: {fileID: 0}
  m_SortingLayerID: 115992415
  m_SortingLayer: -16
  m_SortingOrder: 93
  m_Sprite: {fileID: 21300000, guid: 409eedf97cb26e54ab80e9ebd242a742, type: 3}
  m_Color: {r: 1, g: 1, b: 1, a: 1}
  m_FlipX: 0
  m_FlipY: 0
  m_DrawMode: 0
  m_Size: {x: 2.5, y: 2.6}
  m_AdaptiveModeThreshold: 0.5
  m_SpriteTileMode: 0
  m_WasSpriteAssigned: 1
  m_MaskInteraction: 0
  m_SpriteSortPoint: 0
--- !u!114 &1052041160600046850
MonoBehaviour:
  m_ObjectHideFlags: 0
  m_CorrespondingSourceObject: {fileID: 0}
  m_PrefabInstance: {fileID: 0}
  m_PrefabAsset: {fileID: 0}
  m_GameObject: {fileID: 224097315682540178}
  m_Enabled: 1
  m_EditorHideFlags: 0
  m_Script: {fileID: 11500000, guid: 22a8e9a1fb1684e78abdf5e416caf838, type: 3}
  m_Name: 
  m_EditorClassIdentifier: 
  alphaCutoff: 0.2
--- !u!1 &4588602008255000911
GameObject:
  m_ObjectHideFlags: 0
  m_CorrespondingSourceObject: {fileID: 0}
  m_PrefabInstance: {fileID: 0}
  m_PrefabAsset: {fileID: 0}
  serializedVersion: 6
  m_Component:
  - component: {fileID: 8543464153960054518}
  - component: {fileID: 1848376821818174666}
  - component: {fileID: 6438581797645269210}
  - component: {fileID: 4588602008255000904}
  - component: {fileID: 5671401172986469344}
  m_Layer: 0
  m_Name: Bubble Poweup
  m_TagString: Untagged
  m_Icon: {fileID: 0}
  m_NavMeshLayer: 0
  m_StaticEditorFlags: 0
  m_IsActive: 1
--- !u!4 &8543464153960054518
Transform:
  m_ObjectHideFlags: 0
  m_CorrespondingSourceObject: {fileID: 0}
  m_PrefabInstance: {fileID: 0}
  m_PrefabAsset: {fileID: 0}
  m_GameObject: {fileID: 4588602008255000911}
  m_LocalRotation: {x: 0, y: 0, z: 0, w: 1}
  m_LocalPosition: {x: -10.209, y: -42.11, z: 0}
  m_LocalScale: {x: 1, y: 1, z: 1}
  m_Children:
  - {fileID: 224097315682540179}
  m_Father: {fileID: 0}
  m_RootOrder: 0
  m_LocalEulerAnglesHint: {x: 0, y: 0, z: 0}
--- !u!212 &1848376821818174666
SpriteRenderer:
  m_ObjectHideFlags: 0
  m_CorrespondingSourceObject: {fileID: 0}
  m_PrefabInstance: {fileID: 0}
  m_PrefabAsset: {fileID: 0}
  m_GameObject: {fileID: 4588602008255000911}
  m_Enabled: 1
  m_CastShadows: 0
  m_ReceiveShadows: 0
  m_DynamicOccludee: 1
  m_MotionVectors: 1
  m_LightProbeUsage: 1
  m_ReflectionProbeUsage: 1
  m_RayTracingMode: 0
  m_RayTraceProcedural: 0
  m_RenderingLayerMask: 1
  m_RendererPriority: 0
  m_Materials:
  - {fileID: 10754, guid: 0000000000000000f000000000000000, type: 0}
  m_StaticBatchInfo:
    firstSubMesh: 0
    subMeshCount: 0
  m_StaticBatchRoot: {fileID: 0}
  m_ProbeAnchor: {fileID: 0}
  m_LightProbeVolumeOverride: {fileID: 0}
  m_ScaleInLightmap: 1
  m_ReceiveGI: 1
  m_PreserveUVs: 0
  m_IgnoreNormalsForChartDetection: 0
  m_ImportantGI: 0
  m_StitchLightmapSeams: 1
  m_SelectedEditorRenderState: 0
  m_MinimumChartSize: 4
  m_AutoUVMaxDistance: 0.5
  m_AutoUVMaxAngle: 89
  m_LightmapParameters: {fileID: 0}
  m_SortingLayerID: 115992415
  m_SortingLayer: -16
  m_SortingOrder: 100
  m_Sprite: {fileID: 21300000, guid: 0e891ea7bf740ec4dbc3a1f1a4862852, type: 3}
  m_Color: {r: 1, g: 1, b: 1, a: 1}
  m_FlipX: 0
  m_FlipY: 0
  m_DrawMode: 0
  m_Size: {x: 45.714287, y: 45.714287}
  m_AdaptiveModeThreshold: 0.5
  m_SpriteTileMode: 0
  m_WasSpriteAssigned: 1
  m_MaskInteraction: 0
  m_SpriteSortPoint: 0
--- !u!114 &6438581797645269210
MonoBehaviour:
  m_ObjectHideFlags: 0
  m_CorrespondingSourceObject: {fileID: 0}
  m_PrefabInstance: {fileID: 0}
  m_PrefabAsset: {fileID: 0}
  m_GameObject: {fileID: 4588602008255000911}
  m_Enabled: 1
  m_EditorHideFlags: 0
  m_Script: {fileID: 11500000, guid: a2cedcea314d944e09159c2372cec04f, type: 3}
  m_Name: 
  m_EditorClassIdentifier: 
--- !u!114 &4588602008255000904
MonoBehaviour:
  m_ObjectHideFlags: 0
  m_CorrespondingSourceObject: {fileID: 0}
  m_PrefabInstance: {fileID: 0}
  m_PrefabAsset: {fileID: 0}
  m_GameObject: {fileID: 4588602008255000911}
  m_Enabled: 1
  m_EditorHideFlags: 0
  m_Script: {fileID: 11500000, guid: b22a6970e0e60f14b8a5505b94b7c7a5, type: 3}
  m_Name: 
  m_EditorClassIdentifier: 
  animationNormal:
    sprites:
    - {fileID: 0}
    fps: 30
  animationCollect:
    sprites:
    - {fileID: 0}
    fps: 30
  suckActive: 0
  velocity: {x: 0, y: 0}
  idleAnimation:
    sprites:
    - {fileID: 21300000, guid: 52d177e787ef9b147b464cce8fb3503f, type: 3}
    - {fileID: 21300000, guid: f05b97317452a8f4099f57f4213dff51, type: 3}
    - {fileID: 21300000, guid: 0fc9292f36086b34b91edefd79520f34, type: 3}
    - {fileID: 21300000, guid: a5baf7d2fd1a472478c3faf51325c7bd, type: 3}
    - {fileID: 21300000, guid: a6b987f4ff1473c42ae82dad39056c38, type: 3}
    - {fileID: 21300000, guid: 3dd8877fe637a2c4ab2b1232d8a34f29, type: 3}
    - {fileID: 21300000, guid: 516f8f6cd396e6d43be896b85c80a930, type: 3}
    fps: 20
  popAnimation:
    sprites:
    - {fileID: 21300000, guid: 0e891ea7bf740ec4dbc3a1f1a4862852, type: 3}
    - {fileID: 21300000, guid: 0e3fa1cae8b270749ab887592da76a34, type: 3}
    - {fileID: 21300000, guid: b2ac8df9f77215c4ba4aeb223229ad11, type: 3}
    - {fileID: 21300000, guid: 67ab115970cdc9e4fb9a54376b07cb78, type: 3}
    - {fileID: 21300000, guid: 132bee1dad56ebd44a24977d2ae40e66, type: 3}
    - {fileID: 21300000, guid: be85935afa1bfe84ea02f15948244e72, type: 3}
    - {fileID: 21300000, guid: 0a8ddc89d79528e49b888964a1fa80d9, type: 3}
    - {fileID: 21300000, guid: eca046bf8c7a1f5418590b6ca873e2b1, type: 3}
    - {fileID: 21300000, guid: 443a238eb5d1c164eb4519f7db5a03cd, type: 3}
    - {fileID: 0}
    fps: 20
  iconSprite: {fileID: 224097315682540188}
  starIcon: {fileID: 21300000, guid: d56b5c1a469547445a8c099e05ff97dd, type: 3}
  petYellowIcon: {fileID: 21300000, guid: 52aa03456c906fe47bb7fbdeeb1c32f9, type: 3}
  petTornadoIcon: {fileID: 21300000, guid: 6caeebe1032242748bec76f640e317a7, type: 3}
  shieldIcon: {fileID: 21300000, guid: 724b655a1cc26ca47981cd1a8ab0f50c, type: 3}
  swordAndshieldIcon: {fileID: 21300000, guid: 8233265528209684298a6368317a5a50, type: 3}
  wingsIcon: {fileID: 21300000, guid: 303b89d682abd5b4ab5d6015b1c6afd0, type: 3}
  midasTouchIcon: {fileID: 21300000, guid: 3a9ca552454433a49abdbefd5d4f146f, type: 3}
  refereeIcon: {fileID: 21300000, guid: 90bfff6ce67b7fe49995ab70dcb0ec4b, type: 3}
  testIcon: {fileID: 21300000, guid: c39f086a1a9f71e41b181cdb87023d1c, type: 3}
  testIcon2: {fileID: 21300000, guid: 0dfd736725342364095cd7d5dad50fbe, type: 3}
  testIcon3: {fileID: 21300000, guid: 03bb140303f487648969f94843209b91, type: 3}
  baseball: {fileID: 21300000, guid: c39f086a1a9f71e41b181cdb87023d1c, type: 3}
  ink: {fileID: 21300000, guid: 0dfd736725342364095cd7d5dad50fbe, type: 3}
  mines1: {fileID: 21300000, guid: 5b0751bbef8731e4493c66e3fd20af4e, type: 3}
  mines2: {fileID: 21300000, guid: dd390eef4792c1f4c8bea0e83347c8ae, type: 3}
  mines3: {fileID: 21300000, guid: 13d763bba8e1ce940ae917f03db88d2d, type: 3}
  mines4: {fileID: 21300000, guid: a2f579a8ed107ef4fa2b3852409f96a5, type: 3}
  mines5: {fileID: 21300000, guid: 03bb140303f487648969f94843209b91, type: 3}
  stayOnSpot: 1
--- !u!114 &5671401172986469344
MonoBehaviour:
  m_ObjectHideFlags: 0
  m_CorrespondingSourceObject: {fileID: 0}
  m_PrefabInstance: {fileID: 0}
  m_PrefabAsset: {fileID: 0}
  m_GameObject: {fileID: 4588602008255000911}
  m_Enabled: 1
  m_EditorHideFlags: 0
  m_Script: {fileID: 11500000, guid: 22a8e9a1fb1684e78abdf5e416caf838, type: 3}
  m_Name: 
  m_EditorClassIdentifier: 
  alphaCutoff: 0.8
