%YAML 1.1
%TAG !u! tag:unity3d.com,2011:
--- !u!1 &525442554622583475
GameObject:
  m_ObjectHideFlags: 0
  m_CorrespondingSourceObject: {fileID: 0}
  m_PrefabInstance: {fileID: 0}
  m_PrefabAsset: {fileID: 0}
  serializedVersion: 6
  m_Component:
  - component: {fileID: 3215648578288986566}
  - component: {fileID: 8686036403239732256}
  - component: {fileID: 4210773493049102368}
  m_Layer: 2
  m_Name: 2
  m_TagString: Untagged
  m_Icon: {fileID: 0}
  m_NavMeshLayer: 0
  m_StaticEditorFlags: 0
  m_IsActive: 1
--- !u!4 &3215648578288986566
Transform:
  m_ObjectHideFlags: 0
  m_CorrespondingSourceObject: {fileID: 0}
  m_PrefabInstance: {fileID: 0}
  m_PrefabAsset: {fileID: 0}
  m_GameObject: {fileID: 525442554622583475}
  m_LocalRotation: {x: -0, y: -0, z: -0, w: 1}
  m_LocalPosition: {x: 0, y: 0, z: 0}
  m_LocalScale: {x: 1, y: 1, z: 1}
  m_Children: []
  m_Father: {fileID: 3937345961434793192}
  m_RootOrder: 1
  m_LocalEulerAnglesHint: {x: 0, y: 0, z: 0}
--- !u!212 &8686036403239732256
SpriteRenderer:
  m_ObjectHideFlags: 0
  m_CorrespondingSourceObject: {fileID: 0}
  m_PrefabInstance: {fileID: 0}
  m_PrefabAsset: {fileID: 0}
  m_GameObject: {fileID: 525442554622583475}
  m_Enabled: 1
  m_CastShadows: 0
  m_ReceiveShadows: 0
  m_DynamicOccludee: 1
  m_MotionVectors: 1
  m_LightProbeUsage: 1
  m_ReflectionProbeUsage: 1
  m_RayTracingMode: 0
  m_RayTraceProcedural: 0
  m_RenderingLayerMask: 1
  m_RendererPriority: 0
  m_Materials:
  - {fileID: 10754, guid: 0000000000000000f000000000000000, type: 0}
  m_StaticBatchInfo:
    firstSubMesh: 0
    subMeshCount: 0
  m_StaticBatchRoot: {fileID: 0}
  m_ProbeAnchor: {fileID: 0}
  m_LightProbeVolumeOverride: {fileID: 0}
  m_ScaleInLightmap: 1
  m_ReceiveGI: 1
  m_PreserveUVs: 0
  m_IgnoreNormalsForChartDetection: 0
  m_ImportantGI: 0
  m_StitchLightmapSeams: 1
  m_SelectedEditorRenderState: 0
  m_MinimumChartSize: 4
  m_AutoUVMaxDistance: 0.5
  m_AutoUVMaxAngle: 89
  m_LightmapParameters: {fileID: 0}
  m_SortingLayerID: 2001696327
  m_SortingLayer: -6
  m_SortingOrder: 8
  m_Sprite: {fileID: 21300000, guid: e09a53624f139354686f5803ff8b10e4, type: 3}
  m_Color: {r: 1, g: 1, b: 1, a: 1}
  m_FlipX: 0
  m_FlipY: 0
  m_DrawMode: 0
  m_Size: {x: 1, y: 1}
  m_AdaptiveModeThreshold: 0.5
  m_SpriteTileMode: 0
  m_WasSpriteAssigned: 1
  m_MaskInteraction: 0
  m_SpriteSortPoint: 0
--- !u!114 &4210773493049102368
MonoBehaviour:
  m_ObjectHideFlags: 0
  m_CorrespondingSourceObject: {fileID: 0}
  m_PrefabInstance: {fileID: 0}
  m_PrefabAsset: {fileID: 0}
  m_GameObject: {fileID: 525442554622583475}
  m_Enabled: 1
  m_EditorHideFlags: 0
  m_Script: {fileID: 11500000, guid: a2cedcea314d944e09159c2372cec04f, type: 3}
  m_Name: 
  m_EditorClassIdentifier: 
--- !u!1 &4362949074815503352
GameObject:
  m_ObjectHideFlags: 0
  m_CorrespondingSourceObject: {fileID: 0}
  m_PrefabInstance: {fileID: 0}
  m_PrefabAsset: {fileID: 0}
  serializedVersion: 6
  m_Component:
  - component: {fileID: 3937345961434793192}
  - component: {fileID: 4362949074815503355}
  m_Layer: 0
  m_Name: Pet Painter
  m_TagString: Untagged
  m_Icon: {fileID: 0}
  m_NavMeshLayer: 0
  m_StaticEditorFlags: 0
  m_IsActive: 1
--- !u!4 &3937345961434793192
Transform:
  m_ObjectHideFlags: 0
  m_CorrespondingSourceObject: {fileID: 0}
  m_PrefabInstance: {fileID: 0}
  m_PrefabAsset: {fileID: 0}
  m_GameObject: {fileID: 4362949074815503352}
  m_LocalRotation: {x: 0, y: 0, z: 0, w: 1}
  m_LocalPosition: {x: -24.3241, y: -80.19525, z: 0}
  m_LocalScale: {x: 1.1, y: 1.1, z: 1}
  m_Children:
  - {fileID: 7105588257794985251}
  - {fileID: 3215648578288986566}
  m_Father: {fileID: 0}
  m_RootOrder: 0
  m_LocalEulerAnglesHint: {x: 0, y: 0, z: 0}
--- !u!114 &4362949074815503355
MonoBehaviour:
  m_ObjectHideFlags: 0
  m_CorrespondingSourceObject: {fileID: 0}
  m_PrefabInstance: {fileID: 0}
  m_PrefabAsset: {fileID: 0}
  m_GameObject: {fileID: 4362949074815503352}
  m_Enabled: 1
  m_EditorHideFlags: 0
  m_Script: {fileID: 11500000, guid: aa6bf254e305f48409d6b01cd79dc6b1, type: 3}
  m_Name: 
  m_EditorClassIdentifier: 
  visualThisMap: {fileID: 7465214516334282177}
  visualOtherMap: {fileID: 4210773493049102368}
  painterIdleAnimation:
    sprites:
    - {fileID: 21300000, guid: e09a53624f139354686f5803ff8b10e4, type: 3}
    - {fileID: 21300000, guid: 6d458c2a897894e4888893eddab10b75, type: 3}
    - {fileID: 21300000, guid: 4f7ddae8905cc0040bdf7163dec70e63, type: 3}
    - {fileID: 21300000, guid: 73cb8db07437369408dd8b7c7f2cec87, type: 3}
    - {fileID: 21300000, guid: 7b507bf974ae6f54ebeae0b1458adcdf, type: 3}
    - {fileID: 21300000, guid: 0237652252e1fd04ab4780051cc7f534, type: 3}
    - {fileID: 21300000, guid: 908d26bce52d0304f8052222b7f3f7de, type: 3}
    - {fileID: 21300000, guid: 0b182a2849701fb4db9369d8bd0f7945, type: 3}
    fps: 20
  painterSneezeAnimation:
    sprites:
    - {fileID: 21300000, guid: e3b41787ea731c7429187ebc8df438b7, type: 3}
    - {fileID: 21300000, guid: 411367f7298236b4daa58ccf807d1139, type: 3}
    - {fileID: 21300000, guid: 560fc97172052fc45b6954e08f9d43f6, type: 3}
    - {fileID: 21300000, guid: da202098e910c884ebb2e5d4934335fe, type: 3}
    - {fileID: 21300000, guid: 37c7693af7f06f44f9f4b114dab01c4b, type: 3}
    - {fileID: 21300000, guid: 26e3510e2c08df743a632e3d48a02ad7, type: 3}
    - {fileID: 21300000, guid: e027bdbb803d3b04a8cb03b698df9106, type: 3}
    - {fileID: 21300000, guid: 9f8bcb0cdc5f6a544bb09a197ed39793, type: 3}
    - {fileID: 21300000, guid: e65996ea139244844bb79d2819065d37, type: 3}
    - {fileID: 21300000, guid: 8534c01ecdf3204428b653cbeebc3b50, type: 3}
    - {fileID: 21300000, guid: 6d461684a00620c439261627fa6a0f36, type: 3}
    - {fileID: 21300000, guid: 75996ac41561e984dbe5b57fe3c71e21, type: 3}
    - {fileID: 21300000, guid: b3a5e264e3451214b84ba80a17d12aa3, type: 3}
    - {fileID: 21300000, guid: 0c7177a3421e64243a1ee4f7ccd4d924, type: 3}
    - {fileID: 21300000, guid: 78443bfbb8b7f07438f2a9dbcd196966, type: 3}
    - {fileID: 21300000, guid: b154b2b5037317944819543f9d0cdc1f, type: 3}
    fps: 20
  paintSplatAppear1Animation:
    sprites:
    - {fileID: 21300000, guid: 545bd96ec7027424492ecd2de7c405a0, type: 3}
    - {fileID: 21300000, guid: a8bb05d00a6f64648b63f3e6910f2bc0, type: 3}
    - {fileID: 21300000, guid: 54ee2043836a9cd4bb1b4155a809a006, type: 3}
    - {fileID: 21300000, guid: 90e8a97fc01226f498fcebb4fd8d6109, type: 3}
    - {fileID: 21300000, guid: 085bc6a8d4d910241a75113d8d00d354, type: 3}
    - {fileID: 21300000, guid: 3aa262a274823274b90eaf3730a0909f, type: 3}
    - {fileID: 21300000, guid: 8ef5f633db59865459f25eb50ed6c529, type: 3}
    fps: 20
  paintSplatAppear1ShadowAnimation:
    sprites:
    - {fileID: 21300000, guid: 3067f193f627dea48b120be44eb68c06, type: 3}
    - {fileID: 21300000, guid: eb67167904469f64b9e45ab538e01cb3, type: 3}
    - {fileID: 21300000, guid: c6939f6abc5873e409139fcde98fc639, type: 3}
    - {fileID: 21300000, guid: 5996f287622358f4598a0e8045da5540, type: 3}
    - {fileID: 21300000, guid: 9afe9ae10b44bc4408913feaf880d185, type: 3}
    - {fileID: 21300000, guid: f3eb264e28b39fd40a94f4bda02633c6, type: 3}
    - {fileID: 21300000, guid: ad8ee4c4d93d18b4b93a4bebf2b2f3c5, type: 3}
    fps: 20
  paintSplatFade1Animation:
    sprites:
    - {fileID: 21300000, guid: 004a5e98099f43c4b8e2716337056618, type: 3}
    - {fileID: 21300000, guid: c6ff296576d517b43a13b6befde7a07c, type: 3}
    - {fileID: 21300000, guid: 3187433a4281a9e45a9ec384a12299ee, type: 3}
    - {fileID: 21300000, guid: 5959e6415d7de3040928c8085a3dad05, type: 3}
    - {fileID: 21300000, guid: 394bc3403fe29234696955229a099e75, type: 3}
    - {fileID: 21300000, guid: b141b46f4ed28d14a8b594928f202c74, type: 3}
    fps: 20
  paintSplatFade1ShadowAnimation:
    sprites:
    - {fileID: 21300000, guid: d91d385080e01454d92959e9100ddf7c, type: 3}
    - {fileID: 21300000, guid: a80305930f8a9d9488348b89e9847929, type: 3}
    - {fileID: 21300000, guid: f7c9899c66a233a4a9ff830d339ccbeb, type: 3}
    - {fileID: 21300000, guid: 404bef97f274d574ba812788a35ddc83, type: 3}
    - {fileID: 21300000, guid: cba83e7a1211c844b974151979d0e430, type: 3}
    - {fileID: 21300000, guid: 709e3d491a66f5842bb6f848baf45885, type: 3}
    fps: 20
  paintSplatAppear2Animation:
    sprites:
    - {fileID: 21300000, guid: 98167967a02df314599945154313047c, type: 3}
    - {fileID: 21300000, guid: 5a8f1bef34697074d8271baf473bf012, type: 3}
    - {fileID: 21300000, guid: 444e2962d18fff64cb2c365be502bad7, type: 3}
    - {fileID: 21300000, guid: f09ce494a6e867043b9b978b4000dba9, type: 3}
    - {fileID: 21300000, guid: 240830d5977433d41b0d94ed481ef056, type: 3}
    - {fileID: 21300000, guid: 528411e916ff0314ab0e5ef8f7b52427, type: 3}
    - {fileID: 21300000, guid: 9e4c8c59d869932469c278c530cdcd7c, type: 3}
    fps: 20
  paintSplatAppear2ShadowAnimation:
    sprites:
    - {fileID: 21300000, guid: 692c45cbfcb1282419644468e8246a0f, type: 3}
    - {fileID: 21300000, guid: cd90b45521cebf84285444844805ec23, type: 3}
    - {fileID: 21300000, guid: 1d5f9615f26256c4284dd64694bb2500, type: 3}
    - {fileID: 21300000, guid: f5205e4e03d0972459135eb656851b49, type: 3}
    - {fileID: 21300000, guid: 274f416ac3cd1cf48ad69cb8c648d10a, type: 3}
    - {fileID: 21300000, guid: 482f43fe9d1340a4eb2d14cc0d00a551, type: 3}
    - {fileID: 21300000, guid: f575b1ab7bd3dbc479b4d3b2413454d0, type: 3}
    fps: 20
  paintSplatFade2Animation:
    sprites:
    - {fileID: 21300000, guid: 67b4444396c93b94fbf77eba4feae1cd, type: 3}
    - {fileID: 21300000, guid: fb81c231e8a23e049bab93f1e1c474cb, type: 3}
    - {fileID: 21300000, guid: 6a7af73de7b47f74992fc540ef65c6c2, type: 3}
    - {fileID: 21300000, guid: fef67ca0b6379ad4bbb7c29a8bd3e105, type: 3}
    - {fileID: 21300000, guid: 3d12bc46bd46ee34fa51b26d5e90c0be, type: 3}
    fps: 20
  paintSplatFade2ShadowAnimation:
    sprites:
    - {fileID: 21300000, guid: c22256ef999de1c43a726d5336185260, type: 3}
    - {fileID: 21300000, guid: 5e8417fe8e65f504fb23bbe1572effad, type: 3}
    - {fileID: 21300000, guid: 70a4e876378d0e64b92c013f0c117d27, type: 3}
    - {fileID: 21300000, guid: 9c587a68efc19f64987ac072c5a2c53c, type: 3}
    - {fileID: 21300000, guid: ba31bed172f23bc4f9f040aad7a92a07, type: 3}
    fps: 20
  paintSplatAppear3Animation:
    sprites:
    - {fileID: 21300000, guid: d31695a0d6895164aa6e2c7c290bcecf, type: 3}
    - {fileID: 21300000, guid: 96f59323a7a97bc43b1b43b566bce86b, type: 3}
    - {fileID: 21300000, guid: a2cce755ba8af6e4399f5821e2ca545d, type: 3}
    - {fileID: 21300000, guid: 2ac5d325398da384ba7f8a2355f92604, type: 3}
    - {fileID: 21300000, guid: c87a0e4b1147f0b4da1318f06293425f, type: 3}
    - {fileID: 21300000, guid: 05e98e58dcaebba49884f881e71acd63, type: 3}
    - {fileID: 21300000, guid: 800d5b4c3121dbf4481da4f8ff0083d2, type: 3}
    fps: 20
  paintSplatAppear3ShadowAnimation:
    sprites:
    - {fileID: 21300000, guid: a09ec3492ac7b8349ad33b5d3e7ecd6e, type: 3}
    - {fileID: 21300000, guid: 21013fca120dd4b4e8f9e21bb467b775, type: 3}
    - {fileID: 21300000, guid: f99d8931e76bc7c42abb7782930c6b12, type: 3}
    - {fileID: 21300000, guid: c5b630673a5765b4d88d88a2010746ed, type: 3}
    - {fileID: 21300000, guid: 59513f84103b4cd4b82bd951279224d7, type: 3}
    - {fileID: 21300000, guid: 5eadd82dfa8b0da418fbaa583ed8f187, type: 3}
    - {fileID: 21300000, guid: dcfe940dfee59834cb4e778c98da97a4, type: 3}
    fps: 20
  paintSplatFade3Animation:
    sprites:
    - {fileID: 21300000, guid: 4c42f9c3a5facbb44a3400fea329e7ad, type: 3}
    - {fileID: 21300000, guid: 463e1d94c6e6bdb4c9f963f8daf10da8, type: 3}
    - {fileID: 21300000, guid: 6bbe56b93220a964da25f047ddd40916, type: 3}
    - {fileID: 21300000, guid: 7e99f0b896ed5fa42875ff51d34c7ffc, type: 3}
    - {fileID: 21300000, guid: 560488139a374cd41911d151638120ae, type: 3}
    fps: 20
  paintSplatFade3ShadowAnimation:
    sprites:
    - {fileID: 21300000, guid: 85b145a6fe9190b45b38320f512f0b63, type: 3}
    - {fileID: 21300000, guid: 3aeb9e5381d58234f8122f790a5731d8, type: 3}
    - {fileID: 21300000, guid: 2888fdbe679d94b4a860ccafe9a6b63e, type: 3}
    - {fileID: 21300000, guid: 7d01141e5dcf1bf46b0de5543404508b, type: 3}
    - {fileID: 21300000, guid: f50aba82570bbba419487bb83a3d0eda, type: 3}
    fps: 20
  paintSplatAppear4Animation:
    sprites:
    - {fileID: 21300000, guid: ffd2cb85d7638c4488ec8baa64e4ec91, type: 3}
    - {fileID: 21300000, guid: 15a040341f9bdf74aa8b4d496d2b9e14, type: 3}
    - {fileID: 21300000, guid: d5dbb272c8ddf19418fdcf08004714b4, type: 3}
    - {fileID: 21300000, guid: 8572a83ca876ce847b94b679a0b12e10, type: 3}
    - {fileID: 21300000, guid: 79db4e0112e9db94f8d993f5ba3a44f2, type: 3}
    - {fileID: 21300000, guid: f5709d461195c6e46b64c408106a8161, type: 3}
    - {fileID: 21300000, guid: 02bac75392b922e4b8203e6f5ceaca59, type: 3}
    fps: 20
  paintSplatAppear4ShadowAnimation:
    sprites:
    - {fileID: 21300000, guid: 552072503440c984a88bbc601f763f5d, type: 3}
    - {fileID: 21300000, guid: bbd7ef1913d518b4f9b4c889edf76fda, type: 3}
    - {fileID: 21300000, guid: e3ddf1c8219743441bd29effd22d1879, type: 3}
    - {fileID: 21300000, guid: e2981f8d45f4810498d8ccf78f82be09, type: 3}
    - {fileID: 21300000, guid: 9314b0fd0730c3549bb0f2bcb98b4805, type: 3}
    - {fileID: 21300000, guid: 489ec92b12614fd4885d8284d13daf27, type: 3}
    - {fileID: 21300000, guid: c1116c2ee15a6ff4fb45d9d1fd1b0168, type: 3}
    fps: 20
  paintSplatFade4Animation:
    sprites:
    - {fileID: 21300000, guid: 8f85290f86a695e4ab4d9a690a21bf43, type: 3}
    - {fileID: 21300000, guid: a155f03a01b92654997f6be23a1273f2, type: 3}
    - {fileID: 21300000, guid: b967c1c8bee6bd9428cd6073f82f785f, type: 3}
    - {fileID: 21300000, guid: 9d4498a0a13fa2644a9bd05b18882616, type: 3}
    - {fileID: 21300000, guid: 89215b1fde605d94eafac2a8e35a837a, type: 3}
    - {fileID: 21300000, guid: 7051fd99c921be44ea61363d59717717, type: 3}
    fps: 20
  paintSplatFade4ShadowAnimation:
    sprites:
    - {fileID: 21300000, guid: 05c03d75a9fa56047b3ca25929b5edf8, type: 3}
    - {fileID: 21300000, guid: f3e10c04667f50b4588856af58f8546e, type: 3}
    - {fileID: 21300000, guid: 58a7d16cfce66cd4695c5d26618bfa2f, type: 3}
    - {fileID: 21300000, guid: 59fb6c8979ab7bb49ba66cd05db4a8e9, type: 3}
    - {fileID: 21300000, guid: bf06525400376a343bdb3e3eba77ae2e, type: 3}
    - {fileID: 21300000, guid: 0411477390daf9346adf79a043fa3b19, type: 3}
    fps: 20
  paintSplatParticleAnimation:
    sprites:
    - {fileID: 21300000, guid: f57cb989e49826542942127e84c698bd, type: 3}
    - {fileID: 21300000, guid: 727575c1e77c962468abaf183d3540d7, type: 3}
    - {fileID: 21300000, guid: 2ccc18f8fc456e742b2bf11d49f05d85, type: 3}
    - {fileID: 21300000, guid: 67670e29f8c8dd342a4917a430d85791, type: 3}
    - {fileID: 21300000, guid: aa29f94e05382374a9499653e37bab68, type: 3}
    - {fileID: 21300000, guid: 4957924a695a3b24cbe515999688c8b1, type: 3}
    fps: 20
  SmackParticleAnimation:
    sprites:
    - {fileID: 21300000, guid: c40d13c6afda62545abcad680130e5d7, type: 3}
    - {fileID: 21300000, guid: cec908910a98d3746b7c108099ee0a19, type: 3}
    - {fileID: 21300000, guid: 3d14c2940026a3546b76a8ab192592be, type: 3}
    - {fileID: 21300000, guid: 7640278129736e24582c7226782e8982, type: 3}
    - {fileID: 21300000, guid: 66e6ad53751f3fb45b3d1c706ba44795, type: 3}
    - {fileID: 21300000, guid: 392bc48ecd3f1054aaa94bed9c477dc5, type: 3}
    fps: 20
--- !u!1 &6652565273166686081
GameObject:
  m_ObjectHideFlags: 0
  m_CorrespondingSourceObject: {fileID: 0}
  m_PrefabInstance: {fileID: 0}
  m_PrefabAsset: {fileID: 0}
  serializedVersion: 6
  m_Component:
  - component: {fileID: 7105588257794985251}
  - component: {fileID: 5070684428448910292}
  - component: {fileID: 7465214516334282177}
  m_Layer: 1
  m_Name: 1
  m_TagString: Untagged
  m_Icon: {fileID: 0}
  m_NavMeshLayer: 0
  m_StaticEditorFlags: 0
  m_IsActive: 1
--- !u!4 &7105588257794985251
Transform:
  m_ObjectHideFlags: 0
  m_CorrespondingSourceObject: {fileID: 0}
  m_PrefabInstance: {fileID: 0}
  m_PrefabAsset: {fileID: 0}
  m_GameObject: {fileID: 6652565273166686081}
  m_LocalRotation: {x: -0, y: -0, z: -0, w: 1}
  m_LocalPosition: {x: 0, y: 0, z: 0}
  m_LocalScale: {x: 1, y: 1, z: 1}
  m_Children: []
  m_Father: {fileID: 3937345961434793192}
  m_RootOrder: 0
  m_LocalEulerAnglesHint: {x: 0, y: 0, z: 0}
--- !u!212 &5070684428448910292
SpriteRenderer:
  m_ObjectHideFlags: 0
  m_CorrespondingSourceObject: {fileID: 0}
  m_PrefabInstance: {fileID: 0}
  m_PrefabAsset: {fileID: 0}
  m_GameObject: {fileID: 6652565273166686081}
  m_Enabled: 1
  m_CastShadows: 0
  m_ReceiveShadows: 0
  m_DynamicOccludee: 1
  m_MotionVectors: 1
  m_LightProbeUsage: 1
  m_ReflectionProbeUsage: 1
  m_RayTracingMode: 0
  m_RayTraceProcedural: 0
  m_RenderingLayerMask: 1
  m_RendererPriority: 0
  m_Materials:
  - {fileID: 10754, guid: 0000000000000000f000000000000000, type: 0}
  m_StaticBatchInfo:
    firstSubMesh: 0
    subMeshCount: 0
  m_StaticBatchRoot: {fileID: 0}
  m_ProbeAnchor: {fileID: 0}
  m_LightProbeVolumeOverride: {fileID: 0}
  m_ScaleInLightmap: 1
  m_ReceiveGI: 1
  m_PreserveUVs: 0
  m_IgnoreNormalsForChartDetection: 0
  m_ImportantGI: 0
  m_StitchLightmapSeams: 1
  m_SelectedEditorRenderState: 0
  m_MinimumChartSize: 4
  m_AutoUVMaxDistance: 0.5
  m_AutoUVMaxAngle: 89
  m_LightmapParameters: {fileID: 0}
  m_SortingLayerID: 2001696327
  m_SortingLayer: -6
  m_SortingOrder: 8
  m_Sprite: {fileID: 21300000, guid: e09a53624f139354686f5803ff8b10e4, type: 3}
  m_Color: {r: 1, g: 1, b: 1, a: 1}
  m_FlipX: 0
  m_FlipY: 0
  m_DrawMode: 0
  m_Size: {x: 1, y: 1}
  m_AdaptiveModeThreshold: 0.5
  m_SpriteTileMode: 0
  m_WasSpriteAssigned: 1
  m_MaskInteraction: 0
  m_SpriteSortPoint: 0
--- !u!114 &7465214516334282177
MonoBehaviour:
  m_ObjectHideFlags: 0
  m_CorrespondingSourceObject: {fileID: 0}
  m_PrefabInstance: {fileID: 0}
  m_PrefabAsset: {fileID: 0}
  m_GameObject: {fileID: 6652565273166686081}
  m_Enabled: 1
  m_EditorHideFlags: 0
  m_Script: {fileID: 11500000, guid: a2cedcea314d944e09159c2372cec04f, type: 3}
  m_Name: 
  m_EditorClassIdentifier: 
