%YAML 1.1
%TAG !u! tag:unity3d.com,2011:
--- !u!1 &2440114525930868316
GameObject:
  m_ObjectHideFlags: 0
  m_CorrespondingSourceObject: {fileID: 0}
  m_PrefabInstance: {fileID: 0}
  m_PrefabAsset: {fileID: 0}
  serializedVersion: 6
  m_Component:
  - component: {fileID: 2440114525930868312}
  - component: {fileID: 2440114525930868313}
  - component: {fileID: 2440114525930868318}
  - component: {fileID: 2440114525930868319}
  - component: {fileID: 2375879842045009891}
  m_Layer: 0
  m_Name: Banana
  m_TagString: Untagged
  m_Icon: {fileID: 0}
  m_NavMeshLayer: 0
  m_StaticEditorFlags: 0
  m_IsActive: 1
--- !u!4 &2440114525930868312
Transform:
  m_ObjectHideFlags: 0
  m_CorrespondingSourceObject: {fileID: 0}
  m_PrefabInstance: {fileID: 0}
  m_PrefabAsset: {fileID: 0}
  m_GameObject: {fileID: 2440114525930868316}
  m_LocalRotation: {x: 0, y: 0, z: 0, w: 1}
  m_LocalPosition: {x: 112.56258, y: 6957.0093, z: 0}
  m_LocalScale: {x: 1, y: 1, z: 1}
  m_Children: []
  m_Father: {fileID: 0}
  m_RootOrder: 0
  m_LocalEulerAnglesHint: {x: 0, y: 0, z: 0}
--- !u!212 &2440114525930868313
SpriteRenderer:
  m_ObjectHideFlags: 0
  m_CorrespondingSourceObject: {fileID: 0}
  m_PrefabInstance: {fileID: 0}
  m_PrefabAsset: {fileID: 0}
  m_GameObject: {fileID: 2440114525930868316}
  m_Enabled: 1
  m_CastShadows: 0
  m_ReceiveShadows: 0
  m_DynamicOccludee: 1
  m_MotionVectors: 1
  m_LightProbeUsage: 1
  m_ReflectionProbeUsage: 1
  m_RayTracingMode: 0
  m_RayTraceProcedural: 0
  m_RenderingLayerMask: 1
  m_RendererPriority: 0
  m_Materials:
  - {fileID: 10754, guid: 0000000000000000f000000000000000, type: 0}
  m_StaticBatchInfo:
    firstSubMesh: 0
    subMeshCount: 0
  m_StaticBatchRoot: {fileID: 0}
  m_ProbeAnchor: {fileID: 0}
  m_LightProbeVolumeOverride: {fileID: 0}
  m_ScaleInLightmap: 1
  m_ReceiveGI: 1
  m_PreserveUVs: 0
  m_IgnoreNormalsForChartDetection: 0
  m_ImportantGI: 0
  m_StitchLightmapSeams: 1
  m_SelectedEditorRenderState: 0
  m_MinimumChartSize: 4
  m_AutoUVMaxDistance: 0.5
  m_AutoUVMaxAngle: 89
  m_LightmapParameters: {fileID: 0}
  m_SortingLayerID: -1751151575
  m_SortingLayer: -5
  m_SortingOrder: 0
  m_Sprite: {fileID: 21300000, guid: 64517ed7c7cdd48058f60bf1eaf3e09a, type: 3}
  m_Color: {r: 1, g: 1, b: 1, a: 1}
  m_FlipX: 0
  m_FlipY: 0
  m_DrawMode: 0
  m_Size: {x: 20.25, y: 22.75}
  m_AdaptiveModeThreshold: 0.5
  m_SpriteTileMode: 0
  m_WasSpriteAssigned: 1
  m_MaskInteraction: 0
  m_SpriteSortPoint: 0
--- !u!114 &2440114525930868318
MonoBehaviour:
  m_ObjectHideFlags: 0
  m_CorrespondingSourceObject: {fileID: 0}
  m_PrefabInstance: {fileID: 0}
  m_PrefabAsset: {fileID: 0}
  m_GameObject: {fileID: 2440114525930868316}
  m_Enabled: 1
  m_EditorHideFlags: 0
  m_Script: {fileID: 11500000, guid: d513654b3b7a148d79f194366dba7689, type: 3}
  m_Name: 
  m_EditorClassIdentifier: 
  animationNormal:
    sprites:
    - {fileID: 21300000, guid: 64517ed7c7cdd48058f60bf1eaf3e09a, type: 3}
    - {fileID: 21300000, guid: 4ea181499f6a148db832040afa5fc41b, type: 3}
    - {fileID: 21300000, guid: 9daedfd47c9594b6b9acd23d39fc2b07, type: 3}
    - {fileID: 21300000, guid: 736d8435de9544e079eacd5dd8525761, type: 3}
    - {fileID: 21300000, guid: b92279585113344828affe835cbb1a16, type: 3}
    - {fileID: 21300000, guid: 479e81b159a254f4d9a13d36fbddf0fd, type: 3}
    - {fileID: 21300000, guid: d385bea802f79468a8352ab04d0f7bf5, type: 3}
    - {fileID: 21300000, guid: 6ab99e1068def4c9286e82d525fd2810, type: 3}
    - {fileID: 21300000, guid: 16a440305ce01416583493555216ca7a, type: 3}
    - {fileID: 21300000, guid: c8a5f011ae9714754a96e9a1e1d3ebe4, type: 3}
    - {fileID: 21300000, guid: 73e7d18e9b34c415caea3f5abf57759b, type: 3}
    - {fileID: 21300000, guid: 0408773edd7224b62a583c0bbb70fdf5, type: 3}
    - {fileID: 21300000, guid: 92ff4e2668dc24b458ecdf7394dc072c, type: 3}
    - {fileID: 21300000, guid: dba22b851f8534336b7e42cd4c676e5d, type: 3}
    fps: 30
  animationCollect:
    sprites:
    - {fileID: 21300000, guid: 5861532574a90d54abc9a836820b3797, type: 3}
    - {fileID: 21300000, guid: 11e541db152309c4ca255c2f5e0f832f, type: 3}
    - {fileID: 21300000, guid: 7964da8a7c279614b9be162e92814c4b, type: 3}
    - {fileID: 21300000, guid: 2a066ac8634f72c45afc68d3b0938793, type: 3}
    - {fileID: 21300000, guid: 8cec8347a8a4f27408769b6a54a6c4cc, type: 3}
    - {fileID: 21300000, guid: 152bf0fbd8a84a54bb4fa3daec0c5e85, type: 3}
    - {fileID: 21300000, guid: 43f2b611edfd6d14787604210664317e, type: 3}
    - {fileID: 21300000, guid: b887e8a60aed78f4c954a6d81085561e, type: 3}
    - {fileID: 21300000, guid: 4b1d4aa0a27ac4540b4bf2f5b74515a2, type: 3}
    - {fileID: 21300000, guid: 3f9dcc7ff07a9764a882835fb71c02c4, type: 3}
    - {fileID: 21300000, guid: e0f1effedca8bda4bbb8daf87e98afa4, type: 3}
    fps: 30
  suckActive: 0
  velocity: {x: 0, y: 0}
  animationCollect2:
    sprites:
    - {fileID: 21300000, guid: 80311d64baed92a45851b15c3842b0fd, type: 3}
    - {fileID: 21300000, guid: c83e3417d80dd39489f2543cd5c613c9, type: 3}
    - {fileID: 21300000, guid: 17bb0f9b8749df44e94df9950ab46634, type: 3}
    - {fileID: 21300000, guid: acc62cb787572d04c87dc58ac060a4ad, type: 3}
    fps: 20
--- !u!114 &2440114525930868319
MonoBehaviour:
  m_ObjectHideFlags: 0
  m_CorrespondingSourceObject: {fileID: 0}
  m_PrefabInstance: {fileID: 0}
  m_PrefabAsset: {fileID: 0}
  m_GameObject: {fileID: 2440114525930868316}
  m_Enabled: 1
  m_EditorHideFlags: 0
  m_Script: {fileID: 11500000, guid: a2cedcea314d944e09159c2372cec04f, type: 3}
  m_Name: 
  m_EditorClassIdentifier: 
--- !u!114 &2375879842045009891
MonoBehaviour:
  m_ObjectHideFlags: 0
  m_CorrespondingSourceObject: {fileID: 0}
  m_PrefabInstance: {fileID: 0}
  m_PrefabAsset: {fileID: 0}
  m_GameObject: {fileID: 2440114525930868316}
  m_Enabled: 1
  m_EditorHideFlags: 0
  m_Script: {fileID: 11500000, guid: 22a8e9a1fb1684e78abdf5e416caf838, type: 3}
  m_Name: 
  m_EditorClassIdentifier: 
  alphaCutoff: 0.2
