%YAML 1.1
%TAG !u! tag:unity3d.com,2011:
--- !u!1 &8300954634098303925
GameObject:
  m_ObjectHideFlags: 0
  m_CorrespondingSourceObject: {fileID: 0}
  m_PrefabInstance: {fileID: 0}
  m_PrefabAsset: {fileID: 0}
  serializedVersion: 6
  m_Component:
  - component: {fileID: 8300954634098303929}
  - component: {fileID: 8300954634098303926}
  - component: {fileID: 8300954634098303927}
  - component: {fileID: 8300954634098303924}
  - component: {fileID: 821122005625889358}
  m_Layer: 0
  m_Name: Cherry
  m_TagString: Untagged
  m_Icon: {fileID: 0}
  m_NavMeshLayer: 0
  m_StaticEditorFlags: 0
  m_IsActive: 1
--- !u!4 &8300954634098303929
Transform:
  m_ObjectHideFlags: 0
  m_CorrespondingSourceObject: {fileID: 0}
  m_PrefabInstance: {fileID: 0}
  m_PrefabAsset: {fileID: 0}
  m_GameObject: {fileID: 8300954634098303925}
  m_LocalRotation: {x: 0, y: 0, z: 0, w: 1}
  m_LocalPosition: {x: 139.10852, y: 6955.9146, z: 0}
  m_LocalScale: {x: 1, y: 1, z: 1}
  m_Children: []
  m_Father: {fileID: 0}
  m_RootOrder: 0
  m_LocalEulerAnglesHint: {x: 0, y: 0, z: 0}
--- !u!212 &8300954634098303926
SpriteRenderer:
  m_ObjectHideFlags: 0
  m_CorrespondingSourceObject: {fileID: 0}
  m_PrefabInstance: {fileID: 0}
  m_PrefabAsset: {fileID: 0}
  m_GameObject: {fileID: 8300954634098303925}
  m_Enabled: 1
  m_CastShadows: 0
  m_ReceiveShadows: 0
  m_DynamicOccludee: 1
  m_MotionVectors: 1
  m_LightProbeUsage: 1
  m_ReflectionProbeUsage: 1
  m_RayTracingMode: 0
  m_RayTraceProcedural: 0
  m_RenderingLayerMask: 1
  m_RendererPriority: 0
  m_Materials:
  - {fileID: 10754, guid: 0000000000000000f000000000000000, type: 0}
  m_StaticBatchInfo:
    firstSubMesh: 0
    subMeshCount: 0
  m_StaticBatchRoot: {fileID: 0}
  m_ProbeAnchor: {fileID: 0}
  m_LightProbeVolumeOverride: {fileID: 0}
  m_ScaleInLightmap: 1
  m_ReceiveGI: 1
  m_PreserveUVs: 0
  m_IgnoreNormalsForChartDetection: 0
  m_ImportantGI: 0
  m_StitchLightmapSeams: 1
  m_SelectedEditorRenderState: 0
  m_MinimumChartSize: 4
  m_AutoUVMaxDistance: 0.5
  m_AutoUVMaxAngle: 89
  m_LightmapParameters: {fileID: 0}
  m_SortingLayerID: -1751151575
  m_SortingLayer: -5
  m_SortingOrder: 0
  m_Sprite: {fileID: 21300000, guid: 3b13a5c2fb2864270909fcef6b7ddcdb, type: 3}
  m_Color: {r: 1, g: 1, b: 1, a: 1}
  m_FlipX: 0
  m_FlipY: 0
  m_DrawMode: 0
  m_Size: {x: 21.25, y: 16.75}
  m_AdaptiveModeThreshold: 0.5
  m_SpriteTileMode: 0
  m_WasSpriteAssigned: 1
  m_MaskInteraction: 0
  m_SpriteSortPoint: 0
--- !u!114 &8300954634098303927
MonoBehaviour:
  m_ObjectHideFlags: 0
  m_CorrespondingSourceObject: {fileID: 0}
  m_PrefabInstance: {fileID: 0}
  m_PrefabAsset: {fileID: 0}
  m_GameObject: {fileID: 8300954634098303925}
  m_Enabled: 1
  m_EditorHideFlags: 0
  m_Script: {fileID: 11500000, guid: d513654b3b7a148d79f194366dba7689, type: 3}
  m_Name: 
  m_EditorClassIdentifier: 
  animationNormal:
    sprites:
    - {fileID: 21300000, guid: 3b13a5c2fb2864270909fcef6b7ddcdb, type: 3}
    - {fileID: 21300000, guid: ada5d2e5d64fb490f8b477c7fb237702, type: 3}
    - {fileID: 21300000, guid: 5e3d4f802207f43909e0537bba4b50db, type: 3}
    - {fileID: 21300000, guid: d52b6ca8e3feb4a73982f057aad4cd6d, type: 3}
    - {fileID: 21300000, guid: 6c44ff38ac2f14d01b7ffdc6d2fc5a7e, type: 3}
    - {fileID: 21300000, guid: f1c0d4f6ce9b144bbba9b21c61d2f06a, type: 3}
    - {fileID: 21300000, guid: 02f418ce4c8864e99b80296b0c2892d2, type: 3}
    - {fileID: 21300000, guid: e0043267aee6945c088c3a5ff90ed501, type: 3}
    - {fileID: 21300000, guid: 1660df19cb2d14109958c8026ac3e975, type: 3}
    - {fileID: 21300000, guid: b570541ade85a4c38ba79dfdf2f829dd, type: 3}
    - {fileID: 21300000, guid: 1f81f7721d1044dc880a7f13114b1e61, type: 3}
    - {fileID: 21300000, guid: 7ce75e4c94c4b4309ac5b283fad651a9, type: 3}
    - {fileID: 21300000, guid: f6dd8c5b568014aa7a84bcfef74d520b, type: 3}
    - {fileID: 21300000, guid: 7e4aa144c1c46474099b91094251bf12, type: 3}
    fps: 30
  animationCollect:
    sprites:
    - {fileID: 21300000, guid: 0e23e666e6d426848b4b96038e373909, type: 3}
    - {fileID: 21300000, guid: d04d92407837a1c46a352250bd023709, type: 3}
    - {fileID: 21300000, guid: 84bc6ee2086217744830520f158ff901, type: 3}
    - {fileID: 21300000, guid: 00a89c9c3517bdb4cbf7a544484d3364, type: 3}
    - {fileID: 21300000, guid: 2a5872ce9b5d69042a10dbd506b43eb4, type: 3}
    - {fileID: 21300000, guid: 269e0c1df3c98d447891ea27e3faddb2, type: 3}
    - {fileID: 21300000, guid: 4ca56fb88bcc05b4c8c7283392d26852, type: 3}
    - {fileID: 21300000, guid: a31b0678dbdff7c42a31d911fcb16130, type: 3}
    - {fileID: 21300000, guid: 275839cbbf1f4c2468c7a49f75c86616, type: 3}
    - {fileID: 21300000, guid: 78b755d44facaad45aa76e50081830e3, type: 3}
    - {fileID: 21300000, guid: 0852f740f8a66734da8d6adc48682c0b, type: 3}
    fps: 30
  suckActive: 0
  velocity: {x: 0, y: 0}
  animationCollect2:
    sprites:
    - {fileID: 21300000, guid: 80311d64baed92a45851b15c3842b0fd, type: 3}
    - {fileID: 21300000, guid: c83e3417d80dd39489f2543cd5c613c9, type: 3}
    - {fileID: 21300000, guid: 17bb0f9b8749df44e94df9950ab46634, type: 3}
    - {fileID: 21300000, guid: acc62cb787572d04c87dc58ac060a4ad, type: 3}
    fps: 20
--- !u!114 &8300954634098303924
MonoBehaviour:
  m_ObjectHideFlags: 0
  m_CorrespondingSourceObject: {fileID: 0}
  m_PrefabInstance: {fileID: 0}
  m_PrefabAsset: {fileID: 0}
  m_GameObject: {fileID: 8300954634098303925}
  m_Enabled: 1
  m_EditorHideFlags: 0
  m_Script: {fileID: 11500000, guid: a2cedcea314d944e09159c2372cec04f, type: 3}
  m_Name: 
  m_EditorClassIdentifier: 
--- !u!114 &821122005625889358
MonoBehaviour:
  m_ObjectHideFlags: 0
  m_CorrespondingSourceObject: {fileID: 0}
  m_PrefabInstance: {fileID: 0}
  m_PrefabAsset: {fileID: 0}
  m_GameObject: {fileID: 8300954634098303925}
  m_Enabled: 1
  m_EditorHideFlags: 0
  m_Script: {fileID: 11500000, guid: 22a8e9a1fb1684e78abdf5e416caf838, type: 3}
  m_Name: 
  m_EditorClassIdentifier: 
  alphaCutoff: 0.2
