%YAML 1.1
%TAG !u! tag:unity3d.com,2011:
--- !u!1 &1405736627717469135
GameObject:
  m_ObjectHideFlags: 0
  m_CorrespondingSourceObject: {fileID: 0}
  m_PrefabInstance: {fileID: 0}
  m_PrefabAsset: {fileID: 0}
  serializedVersion: 6
  m_Component:
  - component: {fileID: 1405736627717469131}
  - component: {fileID: 1405736627717469132}
  - component: {fileID: 1405736627717469133}
  - component: {fileID: 1405736627717469134}
  - component: {fileID: 4896127461305548916}
  m_Layer: 0
  m_Name: Pear
  m_TagString: Untagged
  m_Icon: {fileID: 0}
  m_NavMeshLayer: 0
  m_StaticEditorFlags: 0
  m_IsActive: 1
--- !u!4 &1405736627717469131
Transform:
  m_ObjectHideFlags: 0
  m_CorrespondingSourceObject: {fileID: 0}
  m_PrefabInstance: {fileID: 0}
  m_PrefabAsset: {fileID: 0}
  m_GameObject: {fileID: 1405736627717469135}
  m_LocalRotation: {x: 0, y: 0, z: 0, w: 1}
  m_LocalPosition: {x: 210.80994, y: 6956.7354, z: 0}
  m_LocalScale: {x: 1, y: 1, z: 1}
  m_Children: []
  m_Father: {fileID: 0}
  m_RootOrder: 0
  m_LocalEulerAnglesHint: {x: 0, y: 0, z: 0}
--- !u!212 &1405736627717469132
SpriteRenderer:
  m_ObjectHideFlags: 0
  m_CorrespondingSourceObject: {fileID: 0}
  m_PrefabInstance: {fileID: 0}
  m_PrefabAsset: {fileID: 0}
  m_GameObject: {fileID: 1405736627717469135}
  m_Enabled: 1
  m_CastShadows: 0
  m_ReceiveShadows: 0
  m_DynamicOccludee: 1
  m_MotionVectors: 1
  m_LightProbeUsage: 1
  m_ReflectionProbeUsage: 1
  m_RayTracingMode: 0
  m_RayTraceProcedural: 0
  m_RenderingLayerMask: 1
  m_RendererPriority: 0
  m_Materials:
  - {fileID: 10754, guid: 0000000000000000f000000000000000, type: 0}
  m_StaticBatchInfo:
    firstSubMesh: 0
    subMeshCount: 0
  m_StaticBatchRoot: {fileID: 0}
  m_ProbeAnchor: {fileID: 0}
  m_LightProbeVolumeOverride: {fileID: 0}
  m_ScaleInLightmap: 1
  m_ReceiveGI: 1
  m_PreserveUVs: 0
  m_IgnoreNormalsForChartDetection: 0
  m_ImportantGI: 0
  m_StitchLightmapSeams: 1
  m_SelectedEditorRenderState: 0
  m_MinimumChartSize: 4
  m_AutoUVMaxDistance: 0.5
  m_AutoUVMaxAngle: 89
  m_LightmapParameters: {fileID: 0}
  m_SortingLayerID: -1751151575
  m_SortingLayer: -5
  m_SortingOrder: 0
  m_Sprite: {fileID: 21300000, guid: f0e5a688297574670b5957ad13038dec, type: 3}
  m_Color: {r: 1, g: 1, b: 1, a: 1}
  m_FlipX: 0
  m_FlipY: 0
  m_DrawMode: 0
  m_Size: {x: 64, y: 64}
  m_AdaptiveModeThreshold: 0.5
  m_SpriteTileMode: 0
  m_WasSpriteAssigned: 1
  m_MaskInteraction: 0
  m_SpriteSortPoint: 0
--- !u!114 &1405736627717469133
MonoBehaviour:
  m_ObjectHideFlags: 0
  m_CorrespondingSourceObject: {fileID: 0}
  m_PrefabInstance: {fileID: 0}
  m_PrefabAsset: {fileID: 0}
  m_GameObject: {fileID: 1405736627717469135}
  m_Enabled: 1
  m_EditorHideFlags: 0
  m_Script: {fileID: 11500000, guid: d513654b3b7a148d79f194366dba7689, type: 3}
  m_Name: 
  m_EditorClassIdentifier: 
  animationNormal:
    sprites:
    - {fileID: 21300000, guid: f0e5a688297574670b5957ad13038dec, type: 3}
    - {fileID: 21300000, guid: 936e0880f74b84add9acd6a1ce2b56f0, type: 3}
    - {fileID: 21300000, guid: f0eb0606571b3464a8717d3d77da4135, type: 3}
    - {fileID: 21300000, guid: d12e9b6bf2de642fa87fc8173d48f34f, type: 3}
    - {fileID: 21300000, guid: 8e919cc1acca542aaaa449a502d3eb8a, type: 3}
    - {fileID: 21300000, guid: cb1341480d96d4dd5ae3eb2e11eb6719, type: 3}
    - {fileID: 21300000, guid: 45081388d27b647e69ac3915e45c3cf5, type: 3}
    - {fileID: 21300000, guid: 21e6bfd620f704dcdaa734e11d8f702b, type: 3}
    - {fileID: 21300000, guid: 72fe92969872443f88019e9510064ff2, type: 3}
    - {fileID: 21300000, guid: 1847b97f08a844ad5b8fa82eb9344794, type: 3}
    - {fileID: 21300000, guid: 949dfc268f9504662a0a34d75311f5cf, type: 3}
    - {fileID: 21300000, guid: 9e7318317c3b44a5ea57e99938ca6dc0, type: 3}
    - {fileID: 21300000, guid: 600cbcf01ddbc49dc8a40d0dd0c351ad, type: 3}
    - {fileID: 21300000, guid: 8f4e0dfd13bd643b29975570cbed5840, type: 3}
    fps: 30
  animationCollect:
    sprites:
    - {fileID: 21300000, guid: 200651ac54c35644db39aa39c80ac839, type: 3}
    - {fileID: 21300000, guid: 6823f10cd5526e4478067d0167aae55b, type: 3}
    - {fileID: 21300000, guid: e34eccd997362e34ab92ef45e00ad0b4, type: 3}
    - {fileID: 21300000, guid: d80d21b6555edd34591fd06325039271, type: 3}
    - {fileID: 21300000, guid: 661f5e8b1f1a5b7418df947066031a59, type: 3}
    - {fileID: 21300000, guid: 6b19747327009bc4dbb1aaa5416b0d75, type: 3}
    - {fileID: 21300000, guid: 6707714012fcc0749be6f0d955081bc6, type: 3}
    - {fileID: 21300000, guid: 894c5195292debc41abbe0aa784aad72, type: 3}
    - {fileID: 21300000, guid: fcc9f60ae398c6e46846cbe9b2fd6926, type: 3}
    - {fileID: 21300000, guid: d214cde29e31b5045b6afa83f72619e1, type: 3}
    - {fileID: 21300000, guid: 9b661dcaa3e32bd40a797f97a3b87468, type: 3}
    fps: 30
  suckActive: 0
  velocity: {x: 0, y: 0}
  animationCollect2:
    sprites:
    - {fileID: 21300000, guid: 80311d64baed92a45851b15c3842b0fd, type: 3}
    - {fileID: 21300000, guid: c83e3417d80dd39489f2543cd5c613c9, type: 3}
    - {fileID: 21300000, guid: 17bb0f9b8749df44e94df9950ab46634, type: 3}
    - {fileID: 21300000, guid: acc62cb787572d04c87dc58ac060a4ad, type: 3}
    fps: 20
--- !u!114 &1405736627717469134
MonoBehaviour:
  m_ObjectHideFlags: 0
  m_CorrespondingSourceObject: {fileID: 0}
  m_PrefabInstance: {fileID: 0}
  m_PrefabAsset: {fileID: 0}
  m_GameObject: {fileID: 1405736627717469135}
  m_Enabled: 1
  m_EditorHideFlags: 0
  m_Script: {fileID: 11500000, guid: a2cedcea314d944e09159c2372cec04f, type: 3}
  m_Name: 
  m_EditorClassIdentifier: 
--- !u!114 &4896127461305548916
MonoBehaviour:
  m_ObjectHideFlags: 0
  m_CorrespondingSourceObject: {fileID: 0}
  m_PrefabInstance: {fileID: 0}
  m_PrefabAsset: {fileID: 0}
  m_GameObject: {fileID: 1405736627717469135}
  m_Enabled: 1
  m_EditorHideFlags: 0
  m_Script: {fileID: 11500000, guid: 22a8e9a1fb1684e78abdf5e416caf838, type: 3}
  m_Name: 
  m_EditorClassIdentifier: 
  alphaCutoff: 0.2
