%YAML 1.1
%TAG !u! tag:unity3d.com,2011:
--- !u!1 &7582061427649426215
GameObject:
  m_ObjectHideFlags: 0
  m_CorrespondingSourceObject: {fileID: 0}
  m_PrefabInstance: {fileID: 0}
  m_PrefabAsset: {fileID: 0}
  serializedVersion: 6
  m_Component:
  - component: {fileID: 2307359130010041502}
  - component: {fileID: 5707144194617470626}
  - component: {fileID: 1405365207700939146}
  - component: {fileID: 1139245286273841842}
  - component: {fileID: 7629005148562222159}
  m_Layer: 0
  m_Name: Coin
  m_TagString: Untagged
  m_Icon: {fileID: 0}
  m_NavMeshLayer: 0
  m_StaticEditorFlags: 0
  m_IsActive: 1
--- !u!4 &2307359130010041502
Transform:
  m_ObjectHideFlags: 0
  m_CorrespondingSourceObject: {fileID: 0}
  m_PrefabInstance: {fileID: 0}
  m_PrefabAsset: {fileID: 0}
  m_GameObject: {fileID: 7582061427649426215}
  m_LocalRotation: {x: 0, y: 0, z: 0, w: 1}
  m_LocalPosition: {x: -71.34915, y: -155.71146, z: 0}
  m_LocalScale: {x: 1, y: 1, z: 1}
  m_Children: []
  m_Father: {fileID: 0}
  m_RootOrder: 0
  m_LocalEulerAnglesHint: {x: 0, y: 0, z: 0}
--- !u!212 &5707144194617470626
SpriteRenderer:
  m_ObjectHideFlags: 0
  m_CorrespondingSourceObject: {fileID: 0}
  m_PrefabInstance: {fileID: 0}
  m_PrefabAsset: {fileID: 0}
  m_GameObject: {fileID: 7582061427649426215}
  m_Enabled: 1
  m_CastShadows: 0
  m_ReceiveShadows: 0
  m_DynamicOccludee: 1
  m_MotionVectors: 1
  m_LightProbeUsage: 1
  m_ReflectionProbeUsage: 1
  m_RayTracingMode: 0
  m_RayTraceProcedural: 0
  m_RenderingLayerMask: 1
  m_RendererPriority: 0
  m_Materials:
  - {fileID: 10754, guid: 0000000000000000f000000000000000, type: 0}
  m_StaticBatchInfo:
    firstSubMesh: 0
    subMeshCount: 0
  m_StaticBatchRoot: {fileID: 0}
  m_ProbeAnchor: {fileID: 0}
  m_LightProbeVolumeOverride: {fileID: 0}
  m_ScaleInLightmap: 1
  m_ReceiveGI: 1
  m_PreserveUVs: 0
  m_IgnoreNormalsForChartDetection: 0
  m_ImportantGI: 0
  m_StitchLightmapSeams: 1
  m_SelectedEditorRenderState: 0
  m_MinimumChartSize: 4
  m_AutoUVMaxDistance: 0.5
  m_AutoUVMaxAngle: 89
  m_LightmapParameters: {fileID: 0}
  m_SortingLayerID: -1751151575
  m_SortingLayer: -3
  m_SortingOrder: 0
  m_Sprite: {fileID: 21300000, guid: 44ae92fbf0e20a149b4e8bdb455523fa, type: 3}
  m_Color: {r: 1, g: 1, b: 1, a: 1}
  m_FlipX: 0
  m_FlipY: 0
  m_DrawMode: 0
  m_Size: {x: 45.714287, y: 45.714287}
  m_AdaptiveModeThreshold: 0.5
  m_SpriteTileMode: 0
  m_WasSpriteAssigned: 1
  m_MaskInteraction: 0
  m_SpriteSortPoint: 0
--- !u!114 &1405365207700939146
MonoBehaviour:
  m_ObjectHideFlags: 0
  m_CorrespondingSourceObject: {fileID: 0}
  m_PrefabInstance: {fileID: 0}
  m_PrefabAsset: {fileID: 0}
  m_GameObject: {fileID: 7582061427649426215}
  m_Enabled: 1
  m_EditorHideFlags: 0
  m_Script: {fileID: 11500000, guid: e587e952755c09442a0372f1e25aff49, type: 3}
  m_Name: 
  m_EditorClassIdentifier: 
  animationNormal:
    sprites:
    - {fileID: 21300000, guid: 44ae92fbf0e20a149b4e8bdb455523fa, type: 3}
    - {fileID: 21300000, guid: 4c7fa456fbf26c34689d996e12026189, type: 3}
    - {fileID: 21300000, guid: 1775ac4a1ddf3dc4e94c78352f0868e5, type: 3}
    - {fileID: 21300000, guid: 662bebf748469d144b1ec8ddbcd4ad3e, type: 3}
    - {fileID: 21300000, guid: 01e87c6a4bd1a14488b976ecf2701814, type: 3}
    - {fileID: 21300000, guid: dcfc899327e8de24ab18f1e58290e71b, type: 3}
    - {fileID: 21300000, guid: cc08db9b041bf5a40bf9fc613fd5faa2, type: 3}
    - {fileID: 21300000, guid: b89a9af0848a60f43b21cf74428842ed, type: 3}
    - {fileID: 21300000, guid: 7ceaaf5b81f12b84da221334e0ae483e, type: 3}
    - {fileID: 21300000, guid: 86c2e14ebfaab824fabaee3976749f32, type: 3}
    - {fileID: 21300000, guid: cc6e81b75b3ef89459f5e566db4c124f, type: 3}
    fps: 30
  animationCollect:
    sprites:
    - {fileID: 21300000, guid: 6b05ef8cba4d8ce438a5569bd3407b2a, type: 3}
    - {fileID: 21300000, guid: 71a099aaefc17074db182536541c6990, type: 3}
    - {fileID: 21300000, guid: 0d0d911ddfd873a42b0d638d78f02f78, type: 3}
    - {fileID: 21300000, guid: 55bed5dcb8d51e64f83ff8015a2b7be0, type: 3}
    - {fileID: 21300000, guid: 3a7a1e479382b8f4a9ed127da4ceac86, type: 3}
    - {fileID: 21300000, guid: c5424cc2a07696b4186c20f36d3bcc38, type: 3}
    - {fileID: 21300000, guid: c110d62f2a4c3db48b2ae60c9793fe4a, type: 3}
    - {fileID: 21300000, guid: 7258a982302ba6c44a918f82da8221c3, type: 3}
    - {fileID: 21300000, guid: 4c2bdb12ac0c6eb49a43a00e7e6b88b5, type: 3}
    - {fileID: 21300000, guid: 554ac82209c378846a5cf469208bd469, type: 3}
    fps: 30
  suckActive: 0
  velocity: {x: 0, y: 0}
  isSilver: 0
  timerNormalAnimation:
    sprites:
    - {fileID: 21300000, guid: 8f9ad1fed9336514f87bad68cf06787b, type: 3}
    - {fileID: 21300000, guid: e93b5b69501baa94e9846e028963cd40, type: 3}
    - {fileID: 21300000, guid: 9d5752856f6cf4c4ab0f39ffe3605daf, type: 3}
    - {fileID: 21300000, guid: 360c6a11232114a4fa5858079cdbdd1b, type: 3}
    - {fileID: 21300000, guid: 01ef99bdca6f8fb48878aaa50037a060, type: 3}
    - {fileID: 21300000, guid: 997adabc2b8a00b4aafc8a5335f73594, type: 3}
    - {fileID: 21300000, guid: 1bcd6760a2f81024bbef4b4f2d4c0487, type: 3}
    - {fileID: 21300000, guid: 6efea5b36de1efb4793327ffba13480b, type: 3}
    - {fileID: 21300000, guid: 5e277a8751ae38e4a859f5199316854c, type: 3}
    - {fileID: 21300000, guid: ae63dabefa559ff418ddddce374de62e, type: 3}
    - {fileID: 21300000, guid: 34b379b109059d443b0cdff369349460, type: 3}
    fps: 30
  timerCollectAnimation:
    sprites:
    - {fileID: 21300000, guid: e93b5b69501baa94e9846e028963cd40, type: 3}
    - {fileID: 21300000, guid: 360c6a11232114a4fa5858079cdbdd1b, type: 3}
    - {fileID: 21300000, guid: 997adabc2b8a00b4aafc8a5335f73594, type: 3}
    - {fileID: 21300000, guid: 6efea5b36de1efb4793327ffba13480b, type: 3}
    - {fileID: 21300000, guid: ae63dabefa559ff418ddddce374de62e, type: 3}
    - {fileID: 21300000, guid: 34b379b109059d443b0cdff369349460, type: 3}
    - {fileID: 21300000, guid: 9d5752856f6cf4c4ab0f39ffe3605daf, type: 3}
    - {fileID: 21300000, guid: c110d62f2a4c3db48b2ae60c9793fe4a, type: 3}
    - {fileID: 21300000, guid: 7258a982302ba6c44a918f82da8221c3, type: 3}
    - {fileID: 21300000, guid: 4c2bdb12ac0c6eb49a43a00e7e6b88b5, type: 3}
    - {fileID: 21300000, guid: 554ac82209c378846a5cf469208bd469, type: 3}
    fps: 30
--- !u!114 &1139245286273841842
MonoBehaviour:
  m_ObjectHideFlags: 0
  m_CorrespondingSourceObject: {fileID: 0}
  m_PrefabInstance: {fileID: 0}
  m_PrefabAsset: {fileID: 0}
  m_GameObject: {fileID: 7582061427649426215}
  m_Enabled: 1
  m_EditorHideFlags: 0
  m_Script: {fileID: 11500000, guid: a2cedcea314d944e09159c2372cec04f, type: 3}
  m_Name: 
  m_EditorClassIdentifier: 
--- !u!114 &7629005148562222159
MonoBehaviour:
  m_ObjectHideFlags: 0
  m_CorrespondingSourceObject: {fileID: 0}
  m_PrefabInstance: {fileID: 0}
  m_PrefabAsset: {fileID: 0}
  m_GameObject: {fileID: 7582061427649426215}
  m_Enabled: 1
  m_EditorHideFlags: 0
  m_Script: {fileID: 11500000, guid: 22a8e9a1fb1684e78abdf5e416caf838, type: 3}
  m_Name: 
  m_EditorClassIdentifier: 
