%YAML 1.1
%TAG !u! tag:unity3d.com,2011:
--- !u!1 &2374510375290539397
GameObject:
  m_ObjectHideFlags: 0
  m_CorrespondingSourceObject: {fileID: 0}
  m_PrefabInstance: {fileID: 0}
  m_PrefabAsset: {fileID: 0}
  serializedVersion: 6
  m_Component:
  - component: {fileID: 1883556090244375647}
  - component: {fileID: 4638499152044704360}
  - component: {fileID: 380407188906099555}
  - component: {fileID: 7074844777975665003}
  m_Layer: 0
  m_Name: CactusBox
  m_TagString: Untagged
  m_Icon: {fileID: 0}
  m_NavMeshLayer: 0
  m_StaticEditorFlags: 0
  m_IsActive: 1
--- !u!4 &1883556090244375647
Transform:
  m_ObjectHideFlags: 0
  m_CorrespondingSourceObject: {fileID: 0}
  m_PrefabInstance: {fileID: 0}
  m_PrefabAsset: {fileID: 0}
  m_GameObject: {fileID: 2374510375290539397}
  m_LocalRotation: {x: 0, y: 0, z: 0, w: 1}
  m_LocalPosition: {x: 0, y: 0, z: 0}
  m_LocalScale: {x: 1, y: 1, z: 1}
  m_Children:
  - {fileID: 8365858361173131616}
  - {fileID: 8514399344755054847}
  m_Father: {fileID: 0}
  m_RootOrder: 0
  m_LocalEulerAnglesHint: {x: 0, y: 0, z: 0}
--- !u!212 &4638499152044704360
SpriteRenderer:
  m_ObjectHideFlags: 0
  m_CorrespondingSourceObject: {fileID: 0}
  m_PrefabInstance: {fileID: 0}
  m_PrefabAsset: {fileID: 0}
  m_GameObject: {fileID: 2374510375290539397}
  m_Enabled: 1
  m_CastShadows: 0
  m_ReceiveShadows: 0
  m_DynamicOccludee: 1
  m_MotionVectors: 1
  m_LightProbeUsage: 1
  m_ReflectionProbeUsage: 1
  m_RayTracingMode: 0
  m_RayTraceProcedural: 0
  m_RenderingLayerMask: 1
  m_RendererPriority: 0
  m_Materials:
  - {fileID: 10754, guid: 0000000000000000f000000000000000, type: 0}
  m_StaticBatchInfo:
    firstSubMesh: 0
    subMeshCount: 0
  m_StaticBatchRoot: {fileID: 0}
  m_ProbeAnchor: {fileID: 0}
  m_LightProbeVolumeOverride: {fileID: 0}
  m_ScaleInLightmap: 1
  m_ReceiveGI: 1
  m_PreserveUVs: 0
  m_IgnoreNormalsForChartDetection: 0
  m_ImportantGI: 0
  m_StitchLightmapSeams: 1
  m_SelectedEditorRenderState: 0
  m_MinimumChartSize: 4
  m_AutoUVMaxDistance: 0.5
  m_AutoUVMaxAngle: 89
  m_LightmapParameters: {fileID: 0}
  m_SortingLayerID: -991332387
  m_SortingLayer: -13
  m_SortingOrder: -100
  m_Sprite: {fileID: 21300000, guid: 91267a65218e943edade6968f82cea96, type: 3}
  m_Color: {r: 1, g: 1, b: 1, a: 1}
  m_FlipX: 0
  m_FlipY: 0
  m_DrawMode: 0
  m_Size: {x: 2.3428571, y: 2.7}
  m_AdaptiveModeThreshold: 0.5
  m_SpriteTileMode: 0
  m_WasSpriteAssigned: 1
  m_MaskInteraction: 0
  m_SpriteSortPoint: 0
--- !u!114 &380407188906099555
MonoBehaviour:
  m_ObjectHideFlags: 0
  m_CorrespondingSourceObject: {fileID: 0}
  m_PrefabInstance: {fileID: 0}
  m_PrefabAsset: {fileID: 0}
  m_GameObject: {fileID: 2374510375290539397}
  m_Enabled: 1
  m_EditorHideFlags: 0
  m_Script: {fileID: 11500000, guid: a2cedcea314d944e09159c2372cec04f, type: 3}
  m_Name: 
  m_EditorClassIdentifier: 
--- !u!114 &7074844777975665003
MonoBehaviour:
  m_ObjectHideFlags: 0
  m_CorrespondingSourceObject: {fileID: 0}
  m_PrefabInstance: {fileID: 0}
  m_PrefabAsset: {fileID: 0}
  m_GameObject: {fileID: 2374510375290539397}
  m_Enabled: 1
  m_EditorHideFlags: 0
  m_Script: {fileID: 11500000, guid: 5fc795bd157ca4be8a2de21a6307f5cc, type: 3}
  m_Name: 
  m_EditorClassIdentifier: 
  type: 1
  animationEnter:
    sprites:
    - {fileID: 21300000, guid: 6ceee3a4fc28f4fe5b60f46a9eb2fa42, type: 3}
    - {fileID: 21300000, guid: ce9ad9e88afea46b199efd21415b9a47, type: 3}
    fps: 20
  animationBlink:
    sprites:
    - {fileID: 21300000, guid: 6ceee3a4fc28f4fe5b60f46a9eb2fa42, type: 3}
    - {fileID: 21300000, guid: 6ceee3a4fc28f4fe5b60f46a9eb2fa42, type: 3}
    - {fileID: 21300000, guid: ce9ad9e88afea46b199efd21415b9a47, type: 3}
    fps: 20
  animationExit:
    sprites:
    - {fileID: 21300000, guid: 91267a65218e943edade6968f82cea96, type: 3}
    fps: 20
  animationGoingUp:
    sprites:
    - {fileID: 21300000, guid: 6ceee3a4fc28f4fe5b60f46a9eb2fa42, type: 3}
    fps: 20
  animationGoingDown:
    sprites:
    - {fileID: 21300000, guid: ce9ad9e88afea46b199efd21415b9a47, type: 3}
    fps: 20
  animationHitTheGround:
    sprites:
    - {fileID: 21300000, guid: b0054591de9594f8c95d13b15fb68901, type: 3}
    fps: 20
  animationIdle:
    sprites:
    - {fileID: 21300000, guid: 4502f1df9fb5b4631b31d386109cfb1c, type: 3}
    fps: 20
  animationEmptyIdle:
    sprites:
    - {fileID: 21300000, guid: 91267a65218e943edade6968f82cea96, type: 3}
    fps: 20
  animationArrowBobbing:
    sprites:
    - {fileID: 21300000, guid: 4de52401e6d5a8a46abb2f901939d40b, type: 3}
    - {fileID: 21300000, guid: ec2033723fbbd8e4682577b1c0e17a3c, type: 3}
    - {fileID: 21300000, guid: 3b713b4834b308642a3bce8a804bbf7a, type: 3}
    - {fileID: 21300000, guid: cc5e3602e3fda954d84569a7497f6ceb, type: 3}
    - {fileID: 21300000, guid: 2070aeba45f3e434bbb48ee857d2453e, type: 3}
    - {fileID: 21300000, guid: 08abc4b85fd5cdf48a2d9715ed5f99c3, type: 3}
    - {fileID: 21300000, guid: cf2c5082b566c5542ac4b826a9bce876, type: 3}
    - {fileID: 21300000, guid: 6ba1af458d6f1c641ada42eee05aa5a1, type: 3}
    - {fileID: 21300000, guid: 26d4333b2986814488a1abcc378d8609, type: 3}
    - {fileID: 21300000, guid: b469960965ef25f439875e8e1e27ff61, type: 3}
    - {fileID: 21300000, guid: 3fb5876833a6c2149a590b5387a1a027, type: 3}
    - {fileID: 21300000, guid: ccfa392f0c66f584185d04aa43031f74, type: 3}
    - {fileID: 21300000, guid: d9308964630f0394cbd16b08272b337a, type: 3}
    fps: 10
  arrowAnimated: {fileID: 6136040280424478360}
  cactusLid: {fileID: 4055005342184683137}
  velocity: {x: 0, y: 0}
--- !u!1 &4055005342184683137
GameObject:
  m_ObjectHideFlags: 0
  m_CorrespondingSourceObject: {fileID: 0}
  m_PrefabInstance: {fileID: 0}
  m_PrefabAsset: {fileID: 0}
  serializedVersion: 6
  m_Component:
  - component: {fileID: 8514399344755054847}
  - component: {fileID: 1149823461832672950}
  m_Layer: 0
  m_Name: Lid
  m_TagString: Untagged
  m_Icon: {fileID: 0}
  m_NavMeshLayer: 0
  m_StaticEditorFlags: 0
  m_IsActive: 1
--- !u!4 &8514399344755054847
Transform:
  m_ObjectHideFlags: 0
  m_CorrespondingSourceObject: {fileID: 0}
  m_PrefabInstance: {fileID: 0}
  m_PrefabAsset: {fileID: 0}
  m_GameObject: {fileID: 4055005342184683137}
  m_LocalRotation: {x: 0, y: 0, z: 0, w: 1}
  m_LocalPosition: {x: 0, y: 1.085, z: 0}
  m_LocalScale: {x: 1, y: 1, z: 1}
  m_Children: []
  m_Father: {fileID: 1883556090244375647}
  m_RootOrder: 1
  m_LocalEulerAnglesHint: {x: 0, y: 0, z: 0}
--- !u!212 &1149823461832672950
SpriteRenderer:
  m_ObjectHideFlags: 0
  m_CorrespondingSourceObject: {fileID: 0}
  m_PrefabInstance: {fileID: 0}
  m_PrefabAsset: {fileID: 0}
  m_GameObject: {fileID: 4055005342184683137}
  m_Enabled: 1
  m_CastShadows: 0
  m_ReceiveShadows: 0
  m_DynamicOccludee: 1
  m_MotionVectors: 1
  m_LightProbeUsage: 1
  m_ReflectionProbeUsage: 1
  m_RayTracingMode: 0
  m_RayTraceProcedural: 0
  m_RenderingLayerMask: 1
  m_RendererPriority: 0
  m_Materials:
  - {fileID: 10754, guid: 0000000000000000f000000000000000, type: 0}
  m_StaticBatchInfo:
    firstSubMesh: 0
    subMeshCount: 0
  m_StaticBatchRoot: {fileID: 0}
  m_ProbeAnchor: {fileID: 0}
  m_LightProbeVolumeOverride: {fileID: 0}
  m_ScaleInLightmap: 1
  m_ReceiveGI: 1
  m_PreserveUVs: 0
  m_IgnoreNormalsForChartDetection: 0
  m_ImportantGI: 0
  m_StitchLightmapSeams: 1
  m_SelectedEditorRenderState: 0
  m_MinimumChartSize: 4
  m_AutoUVMaxDistance: 0.5
  m_AutoUVMaxAngle: 89
  m_LightmapParameters: {fileID: 0}
  m_SortingLayerID: -991332387
  m_SortingLayer: -13
  m_SortingOrder: -101
  m_Sprite: {fileID: 21300000, guid: 00b851872f14e458fbcd8f52ab88232f, type: 3}
  m_Color: {r: 1, g: 1, b: 1, a: 1}
  m_FlipX: 0
  m_FlipY: 0
  m_DrawMode: 0
  m_Size: {x: 1.3857143, y: 0.9}
  m_AdaptiveModeThreshold: 0.5
  m_SpriteTileMode: 0
  m_WasSpriteAssigned: 1
  m_MaskInteraction: 0
  m_SpriteSortPoint: 0
--- !u!1 &8768451379504203525
GameObject:
  m_ObjectHideFlags: 0
  m_CorrespondingSourceObject: {fileID: 0}
  m_PrefabInstance: {fileID: 0}
  m_PrefabAsset: {fileID: 0}
  serializedVersion: 6
  m_Component:
  - component: {fileID: 8365858361173131616}
  - component: {fileID: 2527172671509891098}
  - component: {fileID: 6136040280424478360}
  m_Layer: 0
  m_Name: Arrow
  m_TagString: Untagged
  m_Icon: {fileID: 0}
  m_NavMeshLayer: 0
  m_StaticEditorFlags: 0
  m_IsActive: 1
--- !u!4 &8365858361173131616
Transform:
  m_ObjectHideFlags: 0
  m_CorrespondingSourceObject: {fileID: 0}
  m_PrefabInstance: {fileID: 0}
  m_PrefabAsset: {fileID: 0}
  m_GameObject: {fileID: 8768451379504203525}
  m_LocalRotation: {x: 0, y: 0, z: 0, w: 1}
  m_LocalPosition: {x: 0, y: 1.75, z: 0}
  m_LocalScale: {x: 1, y: 1, z: 1}
  m_Children: []
  m_Father: {fileID: 1883556090244375647}
  m_RootOrder: 0
  m_LocalEulerAnglesHint: {x: 0, y: 0, z: 0}
--- !u!212 &2527172671509891098
SpriteRenderer:
  m_ObjectHideFlags: 0
  m_CorrespondingSourceObject: {fileID: 0}
  m_PrefabInstance: {fileID: 0}
  m_PrefabAsset: {fileID: 0}
  m_GameObject: {fileID: 8768451379504203525}
  m_Enabled: 1
  m_CastShadows: 0
  m_ReceiveShadows: 0
  m_DynamicOccludee: 1
  m_MotionVectors: 1
  m_LightProbeUsage: 1
  m_ReflectionProbeUsage: 1
  m_RayTracingMode: 0
  m_RayTraceProcedural: 0
  m_RenderingLayerMask: 1
  m_RendererPriority: 0
  m_Materials:
  - {fileID: 10754, guid: 0000000000000000f000000000000000, type: 0}
  m_StaticBatchInfo:
    firstSubMesh: 0
    subMeshCount: 0
  m_StaticBatchRoot: {fileID: 0}
  m_ProbeAnchor: {fileID: 0}
  m_LightProbeVolumeOverride: {fileID: 0}
  m_ScaleInLightmap: 1
  m_ReceiveGI: 1
  m_PreserveUVs: 0
  m_IgnoreNormalsForChartDetection: 0
  m_ImportantGI: 0
  m_StitchLightmapSeams: 1
  m_SelectedEditorRenderState: 0
  m_MinimumChartSize: 4
  m_AutoUVMaxDistance: 0.5
  m_AutoUVMaxAngle: 89
  m_LightmapParameters: {fileID: 0}
  m_SortingLayerID: -991332387
  m_SortingLayer: -13
  m_SortingOrder: -90
  m_Sprite: {fileID: 21300000, guid: 4de52401e6d5a8a46abb2f901939d40b, type: 3}
  m_Color: {r: 1, g: 1, b: 1, a: 1}
  m_FlipX: 0
  m_FlipY: 0
  m_DrawMode: 0
  m_Size: {x: 2.8, y: 2.85}
  m_AdaptiveModeThreshold: 0.5
  m_SpriteTileMode: 0
  m_WasSpriteAssigned: 1
  m_MaskInteraction: 0
  m_SpriteSortPoint: 0
--- !u!114 &6136040280424478360
MonoBehaviour:
  m_ObjectHideFlags: 0
  m_CorrespondingSourceObject: {fileID: 0}
  m_PrefabInstance: {fileID: 0}
  m_PrefabAsset: {fileID: 0}
  m_GameObject: {fileID: 8768451379504203525}
  m_Enabled: 1
  m_EditorHideFlags: 0
  m_Script: {fileID: 11500000, guid: a2cedcea314d944e09159c2372cec04f, type: 3}
  m_Name: 
  m_EditorClassIdentifier: 
