%YAML 1.1
%TAG !u! tag:unity3d.com,2011:
--- !u!1 &1168574152105324
GameObject:
  m_ObjectHideFlags: 0
  m_CorrespondingSourceObject: {fileID: 0}
  m_PrefabInstance: {fileID: 0}
  m_PrefabAsset: {fileID: 0}
  serializedVersion: 6
  m_Component:
  - component: {fileID: 4470476002309774}
  - component: {fileID: 212334040222986066}
  - component: {fileID: 8872942833070428844}
  - component: {fileID: 7357627062420746031}
  - component: {fileID: 114844575114993762}
  m_Layer: 0
  m_Name: Zombie
  m_TagString: Untagged
  m_Icon: {fileID: 0}
  m_NavMeshLayer: 0
  m_StaticEditorFlags: 0
  m_IsActive: 1
--- !u!4 &4470476002309774
Transform:
  m_ObjectHideFlags: 0
  m_CorrespondingSourceObject: {fileID: 0}
  m_PrefabInstance: {fileID: 0}
  m_PrefabAsset: {fileID: 0}
  m_GameObject: {fileID: 1168574152105324}
  serializedVersion: 2
  m_LocalRotation: {x: 0, y: 0, z: 0, w: 1}
  m_LocalPosition: {x: 0, y: 0, z: 0}
  m_LocalScale: {x: 1, y: 1, z: 1}
  m_ConstrainProportionsScale: 0
  m_Children:
  - {fileID: 2948586160017248357}
  - {fileID: 1882085040534144190}
  m_Father: {fileID: 0}
  m_LocalEulerAnglesHint: {x: 0, y: 0, z: 0}
--- !u!212 &212334040222986066
SpriteRenderer:
  m_ObjectHideFlags: 0
  m_CorrespondingSourceObject: {fileID: 0}
  m_PrefabInstance: {fileID: 0}
  m_PrefabAsset: {fileID: 0}
  m_GameObject: {fileID: 1168574152105324}
  m_Enabled: 1
  m_CastShadows: 0
  m_ReceiveShadows: 0
  m_DynamicOccludee: 1
  m_StaticShadowCaster: 0
  m_MotionVectors: 1
  m_LightProbeUsage: 1
  m_ReflectionProbeUsage: 1
  m_RayTracingMode: 0
  m_RayTraceProcedural: 0
  m_RenderingLayerMask: 1
  m_RendererPriority: 0
  m_Materials:
  - {fileID: 10754, guid: 0000000000000000f000000000000000, type: 0}
  m_StaticBatchInfo:
    firstSubMesh: 0
    subMeshCount: 0
  m_StaticBatchRoot: {fileID: 0}
  m_ProbeAnchor: {fileID: 0}
  m_LightProbeVolumeOverride: {fileID: 0}
  m_ScaleInLightmap: 1
  m_ReceiveGI: 1
  m_PreserveUVs: 0
  m_IgnoreNormalsForChartDetection: 0
  m_ImportantGI: 0
  m_StitchLightmapSeams: 0
  m_SelectedEditorRenderState: 0
  m_MinimumChartSize: 4
  m_AutoUVMaxDistance: 0.5
  m_AutoUVMaxAngle: 89
  m_LightmapParameters: {fileID: 0}
  m_SortingLayerID: -991332387
  m_SortingLayer: -17
  m_SortingOrder: 0
  m_Sprite: {fileID: 21300000, guid: cf92b96deddbd99469c4d29309687eb7, type: 3}
  m_Color: {r: 1, g: 1, b: 1, a: 1}
  m_FlipX: 1
  m_FlipY: 0
  m_DrawMode: 0
  m_Size: {x: 35, y: 29}
  m_AdaptiveModeThreshold: 0.5
  m_SpriteTileMode: 0
  m_WasSpriteAssigned: 1
  m_MaskInteraction: 0
  m_SpriteSortPoint: 0
--- !u!210 &8872942833070428844
SortingGroup:
  m_ObjectHideFlags: 0
  m_CorrespondingSourceObject: {fileID: 0}
  m_PrefabInstance: {fileID: 0}
  m_PrefabAsset: {fileID: 0}
  m_GameObject: {fileID: 1168574152105324}
  m_Enabled: 1
  m_SortingLayerID: -991332387
  m_SortingLayer: -17
  m_SortingOrder: 0
  m_SortAtRoot: 0
--- !u!114 &7357627062420746031
MonoBehaviour:
  m_ObjectHideFlags: 0
  m_CorrespondingSourceObject: {fileID: 0}
  m_PrefabInstance: {fileID: 0}
  m_PrefabAsset: {fileID: 0}
  m_GameObject: {fileID: 1168574152105324}
  m_Enabled: 1
  m_EditorHideFlags: 0
  m_Script: {fileID: 11500000, guid: 23f680d1d22ce8e47873398f72ef91e9, type: 3}
  m_Name: 
  m_EditorClassIdentifier: 
  deathAnimation:
    frozenSprite: {fileID: 21300000, guid: 5ee53561f44754bb3bba44945b5f5c33, type: 3}
    debris:
    - {fileID: 21300000, guid: 8b7195ad6481cb04dab7c00517c86271, type: 3}
    sfxDeath: {fileID: 8300000, guid: ad1a6cd41910d2a4ba71e079d33ea9a3, type: 3}
  animationWalk:
    sprites:
    - {fileID: 21300000, guid: cf92b96deddbd99469c4d29309687eb7, type: 3}
    - {fileID: 21300000, guid: 25d004be64c472a46b0213ef798721b9, type: 3}
    - {fileID: 21300000, guid: 250120db1c0d0ef49aa4c4c9fb62b493, type: 3}
    - {fileID: 21300000, guid: ea95c5a2885ba5c40a123d928e3bcb91, type: 3}
    - {fileID: 21300000, guid: 2534402f21d4c47408d68cbec181b18f, type: 3}
    - {fileID: 21300000, guid: 676f7319bdaa1ed4e8beb5c143fbffb7, type: 3}
    - {fileID: 21300000, guid: 16c8291e874e3b749aee7869de489b15, type: 3}
    - {fileID: 21300000, guid: 5335ecf53a62e9c4696cae1f476fe056, type: 3}
    - {fileID: 21300000, guid: a18a019e4275daf48bfbce6aa7f8cb4c, type: 3}
    - {fileID: 21300000, guid: d88d617e359379341b3cc2b19389c8e4, type: 3}
    - {fileID: 21300000, guid: ee2dd956f6fa9b8418b5df28d2d82cae, type: 3}
    - {fileID: 21300000, guid: 841764b3b70a4b240b9011f1d0c93b21, type: 3}
    - {fileID: 21300000, guid: 491e864380947a649b429c7513e12909, type: 3}
    - {fileID: 21300000, guid: 45915dc0be38c0845a751684bc301762, type: 3}
    - {fileID: 21300000, guid: 36d8c4923bb9a534d9654884f0fa603e, type: 3}
    - {fileID: 21300000, guid: c77859cbef14db548829c45bef59bb72, type: 3}
    - {fileID: 21300000, guid: 088901ef2949744469cb6e40844697fc, type: 3}
    - {fileID: 21300000, guid: d2f6de55dae42834fa9e754a7a89b108, type: 3}
    - {fileID: 21300000, guid: d64af17c4a6dd4242ba66ea4366ccd74, type: 3}
    - {fileID: 21300000, guid: 9de3db5d0633cb5409a1947741901847, type: 3}
    - {fileID: 21300000, guid: 90571b0acac276f458c72d2663812b9d, type: 3}
    - {fileID: 21300000, guid: e8fde3b087ba15443a9f40dc680943f1, type: 3}
    - {fileID: 21300000, guid: 81860071fd81ed14c96ae06c3007d85e, type: 3}
    - {fileID: 21300000, guid: e9c58e647a51761449ee4126ce01470b, type: 3}
    fps: 15
  animationTurn:
    sprites:
    - {fileID: 21300000, guid: 519a36b724d863442b2078380f11c4bf, type: 3}
    - {fileID: 21300000, guid: 01e82c33c1bdef54f8c0fb00977db930, type: 3}
    - {fileID: 21300000, guid: 9ea6ba8daa86da94ab16ff9d5f768b7c, type: 3}
    - {fileID: 21300000, guid: ff96c09ad69fce54c8d7e50a67942646, type: 3}
    fps: 20
  animationDrop:
    sprites:
    - {fileID: 21300000, guid: 1107eeec62a7a694db547146c83b8b58, type: 3}
    fps: 30
  animationFakeDeath:
    sprites:
    - {fileID: 21300000, guid: 8b7195ad6481cb04dab7c00517c86271, type: 3}
    fps: 20
  animationResurrect:
    sprites:
    - {fileID: 21300000, guid: 448d79d96e924a941a62dc9049bb1bec, type: 3}
    - {fileID: 21300000, guid: b20b107405042b647a32d8d222cf6a01, type: 3}
    - {fileID: 21300000, guid: c80f1c3276aad144ab6302cf0184e52c, type: 3}
    - {fileID: 21300000, guid: 9fa462e6332aa0c49a3cf904966f20a6, type: 3}
    - {fileID: 21300000, guid: a4b2601ff02255a4cb40138085290654, type: 3}
    - {fileID: 21300000, guid: 50476aa902cf6ef4697514b47dbb0fe1, type: 3}
    - {fileID: 21300000, guid: a33463ff271af1c42b355ae5f184b922, type: 3}
    - {fileID: 21300000, guid: fac0beb814304a84bb2c360f2fd46d46, type: 3}
    - {fileID: 21300000, guid: 40049f69944b17b4ba308c47b4b53eac, type: 3}
    - {fileID: 21300000, guid: 6904aa5bb69360b4e9d466b436c36c33, type: 3}
    - {fileID: 21300000, guid: 66be672b83f86ff49a7a62fa250003e3, type: 3}
    fps: 20
  animationSpawn:
    sprites:
    - {fileID: 21300000, guid: 74b1dfe301bd10240a44c70290f65486, type: 3}
    - {fileID: 21300000, guid: 59aa8167d4c4a3542b0e9c21ad917ddb, type: 3}
    - {fileID: 21300000, guid: 74ead306f71eaf947bf51c3f936f7934, type: 3}
    - {fileID: 21300000, guid: a3817f3a3dc5ebc469d4c106569488e8, type: 3}
    - {fileID: 21300000, guid: c9b27b5bb966e47459daa43d59452d6f, type: 3}
    - {fileID: 21300000, guid: 99a7cfb5d3b1f854c82205fb25f67c35, type: 3}
    - {fileID: 21300000, guid: 3407e5b3dad1c0a4b96cab948d22330a, type: 3}
    - {fileID: 21300000, guid: ff7b9e480a487ac429791921b065998f, type: 3}
    - {fileID: 21300000, guid: 4bac5d18c98cc924f958d2492fac1c40, type: 3}
    - {fileID: 21300000, guid: da702554dadaa9c479d4aa197f4001ff, type: 3}
    - {fileID: 21300000, guid: 7d383e25943d8a8439a66ee2e07add1c, type: 3}
    - {fileID: 21300000, guid: 46ae97ac99984a04fac623c5fb586e19, type: 3}
    - {fileID: 21300000, guid: 18d1d4e9a45bda14086e99a4fd564853, type: 3}
    - {fileID: 21300000, guid: cbfe482d5fb2e654c8fafb367602325a, type: 3}
    - {fileID: 21300000, guid: 251e362903dddfa4b8176e3d0be3fbc6, type: 3}
    - {fileID: 21300000, guid: 1a6d3d690d4ecb64c8b15bcdf87ee705, type: 3}
    - {fileID: 21300000, guid: 1f09038ec0d19a74d8ba5a83bec198b6, type: 3}
    - {fileID: 21300000, guid: f5698bc402cb3ad48ad2f21e36348fcb, type: 3}
    - {fileID: 21300000, guid: 28487253216f15c45895e9a0794eb5ca, type: 3}
    - {fileID: 21300000, guid: a8d0322da2bc52446ad1389ca02e842d, type: 3}
    - {fileID: 21300000, guid: 664f311c7efc5324093838b87144afb1, type: 3}
    - {fileID: 21300000, guid: a2e978ecc5837b842a35d5e67ce2f327, type: 3}
    - {fileID: 21300000, guid: b74dd7f6638574843b0962e44c415715, type: 3}
    - {fileID: 21300000, guid: 6a03b4068fbade34d8ddc96a6f927e92, type: 3}
    - {fileID: 21300000, guid: 983a756e64306f6449aa31474d578854, type: 3}
    - {fileID: 21300000, guid: c9955bd31d13c794e91b395e0609b60f, type: 3}
    - {fileID: 21300000, guid: fa85a91759f93234f91b8e7f34e57db9, type: 3}
    - {fileID: 21300000, guid: 03e2e1bfc70b76c4cbb4abb507f545b2, type: 3}
    - {fileID: 21300000, guid: e202f569f04bb79409a11e2fb7928798, type: 3}
    - {fileID: 21300000, guid: 736f721a92052394fb17a2303214ff51, type: 3}
    - {fileID: 21300000, guid: 1ad97c30193ac034fb49bc631670355a, type: 3}
    - {fileID: 21300000, guid: 7ed9f665295791647b5634d64e114708, type: 3}
    fps: 20
  animationHide:
    sprites:
    - {fileID: 21300000, guid: 8b7195ad6481cb04dab7c00517c86271, type: 3}
    fps: 30
  head: {fileID: 6773443686886998603}
  leftArm: {fileID: 2628821028675376235}
  rightArm: {fileID: 4022445716997864194}
  torso: {fileID: 6409270870030843555}
  leftLeg: {fileID: 4508205964539037985}
  rightLeg: {fileID: 1988702651172497457}
  piecesParent: {fileID: 1882085040534144190}
--- !u!114 &114844575114993762
MonoBehaviour:
  m_ObjectHideFlags: 0
  m_CorrespondingSourceObject: {fileID: 0}
  m_PrefabInstance: {fileID: 0}
  m_PrefabAsset: {fileID: 0}
  m_GameObject: {fileID: 1168574152105324}
  m_Enabled: 1
  m_EditorHideFlags: 0
  m_Script: {fileID: 11500000, guid: a2cedcea314d944e09159c2372cec04f, type: 3}
  m_Name: 
  m_EditorClassIdentifier: 
--- !u!1 &263904603460350659
GameObject:
  m_ObjectHideFlags: 0
  m_CorrespondingSourceObject: {fileID: 0}
  m_PrefabInstance: {fileID: 0}
  m_PrefabAsset: {fileID: 0}
  serializedVersion: 6
  m_Component:
  - component: {fileID: 9173505555156341473}
  - component: {fileID: 4022445716997864194}
  m_Layer: 0
  m_Name: right arm
  m_TagString: Untagged
  m_Icon: {fileID: 0}
  m_NavMeshLayer: 0
  m_StaticEditorFlags: 0
  m_IsActive: 1
--- !u!4 &9173505555156341473
Transform:
  m_ObjectHideFlags: 0
  m_CorrespondingSourceObject: {fileID: 0}
  m_PrefabInstance: {fileID: 0}
  m_PrefabAsset: {fileID: 0}
  m_GameObject: {fileID: 263904603460350659}
  serializedVersion: 2
  m_LocalRotation: {x: -0, y: 0, z: -0.7144728, w: -0.6996632}
  m_LocalPosition: {x: 0.472, y: -0.345, z: 0}
  m_LocalScale: {x: 1, y: 1, z: 1}
  m_ConstrainProportionsScale: 0
  m_Children: []
  m_Father: {fileID: 2948586160017248357}
  m_LocalEulerAnglesHint: {x: 0, y: 0, z: -268.8}
--- !u!212 &4022445716997864194
SpriteRenderer:
  m_ObjectHideFlags: 0
  m_CorrespondingSourceObject: {fileID: 0}
  m_PrefabInstance: {fileID: 0}
  m_PrefabAsset: {fileID: 0}
  m_GameObject: {fileID: 263904603460350659}
  m_Enabled: 1
  m_CastShadows: 0
  m_ReceiveShadows: 0
  m_DynamicOccludee: 1
  m_StaticShadowCaster: 0
  m_MotionVectors: 1
  m_LightProbeUsage: 1
  m_ReflectionProbeUsage: 1
  m_RayTracingMode: 0
  m_RayTraceProcedural: 0
  m_RenderingLayerMask: 1
  m_RendererPriority: 0
  m_Materials:
  - {fileID: 10754, guid: 0000000000000000f000000000000000, type: 0}
  m_StaticBatchInfo:
    firstSubMesh: 0
    subMeshCount: 0
  m_StaticBatchRoot: {fileID: 0}
  m_ProbeAnchor: {fileID: 0}
  m_LightProbeVolumeOverride: {fileID: 0}
  m_ScaleInLightmap: 1
  m_ReceiveGI: 1
  m_PreserveUVs: 0
  m_IgnoreNormalsForChartDetection: 0
  m_ImportantGI: 0
  m_StitchLightmapSeams: 1
  m_SelectedEditorRenderState: 0
  m_MinimumChartSize: 4
  m_AutoUVMaxDistance: 0.5
  m_AutoUVMaxAngle: 89
  m_LightmapParameters: {fileID: 0}
  m_SortingLayerID: -991332387
  m_SortingLayer: -17
  m_SortingOrder: 0
  m_Sprite: {fileID: 21300000, guid: 4048a888ff690f34bb62392211041047, type: 3}
  m_Color: {r: 1, g: 1, b: 1, a: 1}
  m_FlipX: 1
  m_FlipY: 0
  m_DrawMode: 0
  m_Size: {x: 1.6, y: 1.6}
  m_AdaptiveModeThreshold: 0.5
  m_SpriteTileMode: 0
  m_WasSpriteAssigned: 1
  m_MaskInteraction: 0
  m_SpriteSortPoint: 0
--- !u!1 &4308009852702969998
GameObject:
  m_ObjectHideFlags: 0
  m_CorrespondingSourceObject: {fileID: 0}
  m_PrefabInstance: {fileID: 0}
  m_PrefabAsset: {fileID: 0}
  serializedVersion: 6
  m_Component:
  - component: {fileID: 2948586160017248357}
  m_Layer: 0
  m_Name: Piece Positions
  m_TagString: Untagged
  m_Icon: {fileID: 0}
  m_NavMeshLayer: 0
  m_StaticEditorFlags: 0
  m_IsActive: 0
--- !u!4 &2948586160017248357
Transform:
  m_ObjectHideFlags: 0
  m_CorrespondingSourceObject: {fileID: 0}
  m_PrefabInstance: {fileID: 0}
  m_PrefabAsset: {fileID: 0}
  m_GameObject: {fileID: 4308009852702969998}
  serializedVersion: 2
  m_LocalRotation: {x: 0, y: 0, z: 0, w: 1}
  m_LocalPosition: {x: 0, y: 0, z: 0}
  m_LocalScale: {x: 1, y: 1, z: 1}
  m_ConstrainProportionsScale: 0
  m_Children:
  - {fileID: 2127797128342540563}
  - {fileID: 6939762214410337799}
  - {fileID: 9173505555156341473}
  - {fileID: 3146018812548214100}
  - {fileID: 7296886843487917475}
  - {fileID: 4928760321888485399}
  m_Father: {fileID: 4470476002309774}
  m_LocalEulerAnglesHint: {x: 0, y: 0, z: 0}
--- !u!1 &4903815686369046574
GameObject:
  m_ObjectHideFlags: 0
  m_CorrespondingSourceObject: {fileID: 0}
  m_PrefabInstance: {fileID: 0}
  m_PrefabAsset: {fileID: 0}
  serializedVersion: 6
  m_Component:
  - component: {fileID: 2127797128342540563}
  - component: {fileID: 6773443686886998603}
  m_Layer: 0
  m_Name: head
  m_TagString: Untagged
  m_Icon: {fileID: 0}
  m_NavMeshLayer: 0
  m_StaticEditorFlags: 0
  m_IsActive: 1
--- !u!4 &2127797128342540563
Transform:
  m_ObjectHideFlags: 0
  m_CorrespondingSourceObject: {fileID: 0}
  m_PrefabInstance: {fileID: 0}
  m_PrefabAsset: {fileID: 0}
  m_GameObject: {fileID: 4903815686369046574}
  serializedVersion: 2
  m_LocalRotation: {x: 0, y: 0, z: -0.096975006, w: 0.9952869}
  m_LocalPosition: {x: 0.165, y: 0.808, z: 0}
  m_LocalScale: {x: 1, y: 1, z: 1}
  m_ConstrainProportionsScale: 0
  m_Children: []
  m_Father: {fileID: 2948586160017248357}
  m_LocalEulerAnglesHint: {x: 0, y: 0, z: -11.13}
--- !u!212 &6773443686886998603
SpriteRenderer:
  m_ObjectHideFlags: 0
  m_CorrespondingSourceObject: {fileID: 0}
  m_PrefabInstance: {fileID: 0}
  m_PrefabAsset: {fileID: 0}
  m_GameObject: {fileID: 4903815686369046574}
  m_Enabled: 1
  m_CastShadows: 0
  m_ReceiveShadows: 0
  m_DynamicOccludee: 1
  m_StaticShadowCaster: 0
  m_MotionVectors: 1
  m_LightProbeUsage: 1
  m_ReflectionProbeUsage: 1
  m_RayTracingMode: 0
  m_RayTraceProcedural: 0
  m_RenderingLayerMask: 1
  m_RendererPriority: 0
  m_Materials:
  - {fileID: 10754, guid: 0000000000000000f000000000000000, type: 0}
  m_StaticBatchInfo:
    firstSubMesh: 0
    subMeshCount: 0
  m_StaticBatchRoot: {fileID: 0}
  m_ProbeAnchor: {fileID: 0}
  m_LightProbeVolumeOverride: {fileID: 0}
  m_ScaleInLightmap: 1
  m_ReceiveGI: 1
  m_PreserveUVs: 0
  m_IgnoreNormalsForChartDetection: 0
  m_ImportantGI: 0
  m_StitchLightmapSeams: 1
  m_SelectedEditorRenderState: 0
  m_MinimumChartSize: 4
  m_AutoUVMaxDistance: 0.5
  m_AutoUVMaxAngle: 89
  m_LightmapParameters: {fileID: 0}
  m_SortingLayerID: -991332387
  m_SortingLayer: -17
  m_SortingOrder: 5
  m_Sprite: {fileID: 21300000, guid: 82cbe1d0c924bb244b493a6162a23613, type: 3}
  m_Color: {r: 1, g: 1, b: 1, a: 1}
  m_FlipX: 1
  m_FlipY: 0
  m_DrawMode: 0
  m_Size: {x: 1.6, y: 1.6}
  m_AdaptiveModeThreshold: 0.5
  m_SpriteTileMode: 0
  m_WasSpriteAssigned: 1
  m_MaskInteraction: 0
  m_SpriteSortPoint: 0
--- !u!1 &5675767499522349488
GameObject:
  m_ObjectHideFlags: 0
  m_CorrespondingSourceObject: {fileID: 0}
  m_PrefabInstance: {fileID: 0}
  m_PrefabAsset: {fileID: 0}
  serializedVersion: 6
  m_Component:
  - component: {fileID: 1882085040534144190}
  m_Layer: 0
  m_Name: Pieces Parent
  m_TagString: Untagged
  m_Icon: {fileID: 0}
  m_NavMeshLayer: 0
  m_StaticEditorFlags: 0
  m_IsActive: 0
--- !u!4 &1882085040534144190
Transform:
  m_ObjectHideFlags: 0
  m_CorrespondingSourceObject: {fileID: 0}
  m_PrefabInstance: {fileID: 0}
  m_PrefabAsset: {fileID: 0}
  m_GameObject: {fileID: 5675767499522349488}
  serializedVersion: 2
  m_LocalRotation: {x: 0, y: 0, z: 0, w: 1}
  m_LocalPosition: {x: 0, y: 0, z: 0}
  m_LocalScale: {x: 1, y: 1, z: 1}
  m_ConstrainProportionsScale: 0
  m_Children: []
  m_Father: {fileID: 4470476002309774}
  m_LocalEulerAnglesHint: {x: 0, y: 0, z: 0}
--- !u!1 &5801572407595505086
GameObject:
  m_ObjectHideFlags: 0
  m_CorrespondingSourceObject: {fileID: 0}
  m_PrefabInstance: {fileID: 0}
  m_PrefabAsset: {fileID: 0}
  serializedVersion: 6
  m_Component:
  - component: {fileID: 3146018812548214100}
  - component: {fileID: 6409270870030843555}
  m_Layer: 0
  m_Name: torso
  m_TagString: Untagged
  m_Icon: {fileID: 0}
  m_NavMeshLayer: 0
  m_StaticEditorFlags: 0
  m_IsActive: 1
--- !u!4 &3146018812548214100
Transform:
  m_ObjectHideFlags: 0
  m_CorrespondingSourceObject: {fileID: 0}
  m_PrefabInstance: {fileID: 0}
  m_PrefabAsset: {fileID: 0}
  m_GameObject: {fileID: 5801572407595505086}
  serializedVersion: 2
  m_LocalRotation: {x: -0, y: -0, z: -0, w: 1}
  m_LocalPosition: {x: 0.032, y: 0.107, z: 0}
  m_LocalScale: {x: 1, y: 1, z: 1}
  m_ConstrainProportionsScale: 0
  m_Children: []
  m_Father: {fileID: 2948586160017248357}
  m_LocalEulerAnglesHint: {x: 0, y: 0, z: 0}
--- !u!212 &6409270870030843555
SpriteRenderer:
  m_ObjectHideFlags: 0
  m_CorrespondingSourceObject: {fileID: 0}
  m_PrefabInstance: {fileID: 0}
  m_PrefabAsset: {fileID: 0}
  m_GameObject: {fileID: 5801572407595505086}
  m_Enabled: 1
  m_CastShadows: 0
  m_ReceiveShadows: 0
  m_DynamicOccludee: 1
  m_StaticShadowCaster: 0
  m_MotionVectors: 1
  m_LightProbeUsage: 1
  m_ReflectionProbeUsage: 1
  m_RayTracingMode: 0
  m_RayTraceProcedural: 0
  m_RenderingLayerMask: 1
  m_RendererPriority: 0
  m_Materials:
  - {fileID: 10754, guid: 0000000000000000f000000000000000, type: 0}
  m_StaticBatchInfo:
    firstSubMesh: 0
    subMeshCount: 0
  m_StaticBatchRoot: {fileID: 0}
  m_ProbeAnchor: {fileID: 0}
  m_LightProbeVolumeOverride: {fileID: 0}
  m_ScaleInLightmap: 1
  m_ReceiveGI: 1
  m_PreserveUVs: 0
  m_IgnoreNormalsForChartDetection: 0
  m_ImportantGI: 0
  m_StitchLightmapSeams: 1
  m_SelectedEditorRenderState: 0
  m_MinimumChartSize: 4
  m_AutoUVMaxDistance: 0.5
  m_AutoUVMaxAngle: 89
  m_LightmapParameters: {fileID: 0}
  m_SortingLayerID: -991332387
  m_SortingLayer: -17
  m_SortingOrder: 3
  m_Sprite: {fileID: 21300000, guid: ad5335406dc2d0f45acd40bc489bced1, type: 3}
  m_Color: {r: 1, g: 1, b: 1, a: 1}
  m_FlipX: 1
  m_FlipY: 0
  m_DrawMode: 0
  m_Size: {x: 1.6, y: 1.6}
  m_AdaptiveModeThreshold: 0.5
  m_SpriteTileMode: 0
  m_WasSpriteAssigned: 1
  m_MaskInteraction: 0
  m_SpriteSortPoint: 0
--- !u!1 &5819716763996709417
GameObject:
  m_ObjectHideFlags: 0
  m_CorrespondingSourceObject: {fileID: 0}
  m_PrefabInstance: {fileID: 0}
  m_PrefabAsset: {fileID: 0}
  serializedVersion: 6
  m_Component:
  - component: {fileID: 7296886843487917475}
  - component: {fileID: 4508205964539037985}
  m_Layer: 0
  m_Name: left leg
  m_TagString: Untagged
  m_Icon: {fileID: 0}
  m_NavMeshLayer: 0
  m_StaticEditorFlags: 0
  m_IsActive: 1
--- !u!4 &7296886843487917475
Transform:
  m_ObjectHideFlags: 0
  m_CorrespondingSourceObject: {fileID: 0}
  m_PrefabInstance: {fileID: 0}
  m_PrefabAsset: {fileID: 0}
  m_GameObject: {fileID: 5819716763996709417}
  serializedVersion: 2
  m_LocalRotation: {x: 0, y: 0, z: -0.7071068, w: 0.7071068}
  m_LocalPosition: {x: -0.148, y: -0.699, z: 0}
  m_LocalScale: {x: 1, y: 1, z: 1}
  m_ConstrainProportionsScale: 0
  m_Children: []
  m_Father: {fileID: 2948586160017248357}
  m_LocalEulerAnglesHint: {x: 0, y: 0, z: -90}
--- !u!212 &4508205964539037985
SpriteRenderer:
  m_ObjectHideFlags: 0
  m_CorrespondingSourceObject: {fileID: 0}
  m_PrefabInstance: {fileID: 0}
  m_PrefabAsset: {fileID: 0}
  m_GameObject: {fileID: 5819716763996709417}
  m_Enabled: 1
  m_CastShadows: 0
  m_ReceiveShadows: 0
  m_DynamicOccludee: 1
  m_StaticShadowCaster: 0
  m_MotionVectors: 1
  m_LightProbeUsage: 1
  m_ReflectionProbeUsage: 1
  m_RayTracingMode: 0
  m_RayTraceProcedural: 0
  m_RenderingLayerMask: 1
  m_RendererPriority: 0
  m_Materials:
  - {fileID: 10754, guid: 0000000000000000f000000000000000, type: 0}
  m_StaticBatchInfo:
    firstSubMesh: 0
    subMeshCount: 0
  m_StaticBatchRoot: {fileID: 0}
  m_ProbeAnchor: {fileID: 0}
  m_LightProbeVolumeOverride: {fileID: 0}
  m_ScaleInLightmap: 1
  m_ReceiveGI: 1
  m_PreserveUVs: 0
  m_IgnoreNormalsForChartDetection: 0
  m_ImportantGI: 0
  m_StitchLightmapSeams: 1
  m_SelectedEditorRenderState: 0
  m_MinimumChartSize: 4
  m_AutoUVMaxDistance: 0.5
  m_AutoUVMaxAngle: 89
  m_LightmapParameters: {fileID: 0}
  m_SortingLayerID: -991332387
  m_SortingLayer: -17
  m_SortingOrder: 2
  m_Sprite: {fileID: 21300000, guid: 3c5820bdbbbcd9141a628eedc7e73cf8, type: 3}
  m_Color: {r: 1, g: 1, b: 1, a: 1}
  m_FlipX: 1
  m_FlipY: 0
  m_DrawMode: 0
  m_Size: {x: 1.6, y: 1.6}
  m_AdaptiveModeThreshold: 0.5
  m_SpriteTileMode: 0
  m_WasSpriteAssigned: 1
  m_MaskInteraction: 0
  m_SpriteSortPoint: 0
--- !u!1 &6123754312204238888
GameObject:
  m_ObjectHideFlags: 0
  m_CorrespondingSourceObject: {fileID: 0}
  m_PrefabInstance: {fileID: 0}
  m_PrefabAsset: {fileID: 0}
  serializedVersion: 6
  m_Component:
  - component: {fileID: 6939762214410337799}
  - component: {fileID: 2628821028675376235}
  m_Layer: 0
  m_Name: left arm
  m_TagString: Untagged
  m_Icon: {fileID: 0}
  m_NavMeshLayer: 0
  m_StaticEditorFlags: 0
  m_IsActive: 1
--- !u!4 &6939762214410337799
Transform:
  m_ObjectHideFlags: 0
  m_CorrespondingSourceObject: {fileID: 0}
  m_PrefabInstance: {fileID: 0}
  m_PrefabAsset: {fileID: 0}
  m_GameObject: {fileID: 6123754312204238888}
  serializedVersion: 2
  m_LocalRotation: {x: 0, y: 0, z: 0.7071068, w: 0.7071068}
  m_LocalPosition: {x: -0.381, y: -0.37, z: 0}
  m_LocalScale: {x: 1, y: 1, z: 1}
  m_ConstrainProportionsScale: 0
  m_Children: []
  m_Father: {fileID: 2948586160017248357}
  m_LocalEulerAnglesHint: {x: 0, y: 0, z: 90}
--- !u!212 &2628821028675376235
SpriteRenderer:
  m_ObjectHideFlags: 0
  m_CorrespondingSourceObject: {fileID: 0}
  m_PrefabInstance: {fileID: 0}
  m_PrefabAsset: {fileID: 0}
  m_GameObject: {fileID: 6123754312204238888}
  m_Enabled: 1
  m_CastShadows: 0
  m_ReceiveShadows: 0
  m_DynamicOccludee: 1
  m_StaticShadowCaster: 0
  m_MotionVectors: 1
  m_LightProbeUsage: 1
  m_ReflectionProbeUsage: 1
  m_RayTracingMode: 0
  m_RayTraceProcedural: 0
  m_RenderingLayerMask: 1
  m_RendererPriority: 0
  m_Materials:
  - {fileID: 10754, guid: 0000000000000000f000000000000000, type: 0}
  m_StaticBatchInfo:
    firstSubMesh: 0
    subMeshCount: 0
  m_StaticBatchRoot: {fileID: 0}
  m_ProbeAnchor: {fileID: 0}
  m_LightProbeVolumeOverride: {fileID: 0}
  m_ScaleInLightmap: 1
  m_ReceiveGI: 1
  m_PreserveUVs: 0
  m_IgnoreNormalsForChartDetection: 0
  m_ImportantGI: 0
  m_StitchLightmapSeams: 1
  m_SelectedEditorRenderState: 0
  m_MinimumChartSize: 4
  m_AutoUVMaxDistance: 0.5
  m_AutoUVMaxAngle: 89
  m_LightmapParameters: {fileID: 0}
  m_SortingLayerID: -991332387
  m_SortingLayer: -17
  m_SortingOrder: 4
  m_Sprite: {fileID: 21300000, guid: 10bb4e3427a82b143b7cc822fc0e727b, type: 3}
  m_Color: {r: 1, g: 1, b: 1, a: 1}
  m_FlipX: 1
  m_FlipY: 0
  m_DrawMode: 0
  m_Size: {x: 1.6, y: 1.6}
  m_AdaptiveModeThreshold: 0.5
  m_SpriteTileMode: 0
  m_WasSpriteAssigned: 1
  m_MaskInteraction: 0
  m_SpriteSortPoint: 0
--- !u!1 &8167393267721529211
GameObject:
  m_ObjectHideFlags: 0
  m_CorrespondingSourceObject: {fileID: 0}
  m_PrefabInstance: {fileID: 0}
  m_PrefabAsset: {fileID: 0}
  serializedVersion: 6
  m_Component:
  - component: {fileID: 4928760321888485399}
  - component: {fileID: 1988702651172497457}
  m_Layer: 0
  m_Name: right leg
  m_TagString: Untagged
  m_Icon: {fileID: 0}
  m_NavMeshLayer: 0
  m_StaticEditorFlags: 0
  m_IsActive: 1
--- !u!4 &4928760321888485399
Transform:
  m_ObjectHideFlags: 0
  m_CorrespondingSourceObject: {fileID: 0}
  m_PrefabInstance: {fileID: 0}
  m_PrefabAsset: {fileID: 0}
  m_GameObject: {fileID: 8167393267721529211}
  serializedVersion: 2
  m_LocalRotation: {x: 0, y: 0, z: -0.7071068, w: 0.7071068}
  m_LocalPosition: {x: 0.229, y: -0.693, z: 0}
  m_LocalScale: {x: 1, y: 1, z: 1}
  m_ConstrainProportionsScale: 0
  m_Children: []
  m_Father: {fileID: 2948586160017248357}
  m_LocalEulerAnglesHint: {x: 0, y: 0, z: -90}
--- !u!212 &1988702651172497457
SpriteRenderer:
  m_ObjectHideFlags: 0
  m_CorrespondingSourceObject: {fileID: 0}
  m_PrefabInstance: {fileID: 0}
  m_PrefabAsset: {fileID: 0}
  m_GameObject: {fileID: 8167393267721529211}
  m_Enabled: 1
  m_CastShadows: 0
  m_ReceiveShadows: 0
  m_DynamicOccludee: 1
  m_StaticShadowCaster: 0
  m_MotionVectors: 1
  m_LightProbeUsage: 1
  m_ReflectionProbeUsage: 1
  m_RayTracingMode: 0
  m_RayTraceProcedural: 0
  m_RenderingLayerMask: 1
  m_RendererPriority: 0
  m_Materials:
  - {fileID: 10754, guid: 0000000000000000f000000000000000, type: 0}
  m_StaticBatchInfo:
    firstSubMesh: 0
    subMeshCount: 0
  m_StaticBatchRoot: {fileID: 0}
  m_ProbeAnchor: {fileID: 0}
  m_LightProbeVolumeOverride: {fileID: 0}
  m_ScaleInLightmap: 1
  m_ReceiveGI: 1
  m_PreserveUVs: 0
  m_IgnoreNormalsForChartDetection: 0
  m_ImportantGI: 0
  m_StitchLightmapSeams: 1
  m_SelectedEditorRenderState: 0
  m_MinimumChartSize: 4
  m_AutoUVMaxDistance: 0.5
  m_AutoUVMaxAngle: 89
  m_LightmapParameters: {fileID: 0}
  m_SortingLayerID: -991332387
  m_SortingLayer: -17
  m_SortingOrder: 1
  m_Sprite: {fileID: 21300000, guid: 3c5820bdbbbcd9141a628eedc7e73cf8, type: 3}
  m_Color: {r: 1, g: 1, b: 1, a: 1}
  m_FlipX: 1
  m_FlipY: 0
  m_DrawMode: 0
  m_Size: {x: 1.6, y: 1.6}
  m_AdaptiveModeThreshold: 0.5
  m_SpriteTileMode: 0
  m_WasSpriteAssigned: 1
  m_MaskInteraction: 0
  m_SpriteSortPoint: 0
